<?xml version="1.0" encoding="UTF-8"?>
<!DOCTYPE html PUBLIC "-//W3C//DTD XHTML 1.0 Transitional//EN"
    "http://www.w3.org/TR/xhtml1/DTD/xhtml1-transitional.dtd">
<html xmlns="http://www.w3.org/1999/xhtml" xml:lang="en" lang="en">
 <head>
  <title>
</title>
<meta http-equiv="Content-Type" content="text/html;charset=utf-8" />
  <meta name='ocr-system' content='tesseract 3.04.00' />
  <meta name='ocr-capabilities' content='ocr_page ocr_carea ocr_par ocr_line ocrx_word'/>
</head>
<body>
  <div class='ocr_page' id='page_1' title='image "./chronicamonaste00burtgoog_0435.png"; bbox 0 0 3519 5734; ppageno 0'>
   <div class='ocr_carea' id='block_1_1' title="bbox 853 837 2436 910">
    <p class='ocr_par' dir='ltr' id='par_1_1' title="bbox 853 837 2436 910">
     <span class='ocr_line' id='line_1_1' title="bbox 853 837 2436 910; baseline 0.001 -11"><span class='ocrx_word' id='word_1_1' title='bbox 853 837 982 900; x_wconf 78' lang='lat'><strong>342</strong></span> <span class='ocrx_word' id='word_1_2' title='bbox 1371 849 1797 900; x_wconf 58' lang='lat' dir='ltr'><strong>unauna-s</strong></span> <span class='ocrx_word' id='word_1_3' title='bbox 1838 851 2054 900; x_wconf 63' lang='lat' dir='ltr'><strong>mass</strong></span> <span class='ocrx_word' id='word_1_4' title='bbox 2099 849 2436 910; x_wconf 60' lang='lat' dir='ltr'><strong>Quas-rus.</strong></span> 
     </span>
    </p>
   </div>
   <div class='ocr_carea' id='block_1_2' title="bbox 518 1024 2961 4501">
    <p class='ocr_par' dir='ltr' id='par_1_2' title="bbox 518 1024 2961 4501">
     <span class='ocr_line' id='line_1_2' title="bbox 519 1024 2957 1112; baseline 0 -23"><span class='ocrx_word' id='word_1_5' title='bbox 519 1037 658 1089; x_wconf 63' lang='grc' dir='ltr'><strong>ΔΛ).</strong></span> <span class='ocrx_word' id='word_1_6' title='bbox 687 1039 814 1089; x_wconf 75' lang='lat'>1199</span> <span class='ocrx_word' id='word_1_7' title='bbox 855 1025 1037 1090; x_wconf 87' lang='lat' dir='ltr'><strong>nitus</strong></span> <span class='ocrx_word' id='word_1_8' title='bbox 1081 1045 1239 1090; x_wconf 84' lang='lat' dir='ltr'><strong>vero</strong></span> <span class='ocrx_word' id='word_1_9' title='bbox 1301 1024 1478 1112; x_wconf 86' lang='lat' dir='ltr'><strong>ipsas</strong></span> <span class='ocrx_word' id='word_1_10' title='bbox 1545 1025 1894 1090; x_wconf 74' lang='lat' dir='ltr'><strong>electiones</strong></span> <span class='ocrx_word' id='word_1_11' title='bbox 1953 1024 2048 1088; x_wconf 89' lang='lat' dir='ltr'><strong>sic</strong></span> <span class='ocrx_word' id='word_1_12' title='bbox 2090 1045 2232 1090; x_wconf 86' lang='lat' dir='ltr'><strong>esse</strong></span> <span class='ocrx_word' id='word_1_13' title='bbox 2280 1029 2586 1106; x_wconf 84' lang='lat' dir='ltr'><strong>cassatas,</strong></span> <span class='ocrx_word' id='word_1_14' title='bbox 2630 1024 2957 1112; x_wconf 71' lang='lat' dir='ltr'><strong>praecipue</strong></span> 
     </span>
     <span class='ocr_line' id='line_1_3' title="bbox 519 1110 2957 1214; baseline -0.001 -21"><span class='ocrx_word' id='word_1_15' title='bbox 519 1110 704 1156; x_wconf 70' lang='lat'><strong>&#39;¹²¹⁶‘</strong></span> <span class='ocrx_word' id='word_1_16' title='bbox 857 1127 1236 1214; x_wconf 89' lang='lat' dir='ltr'><strong>episcopum</strong></span> <span class='ocrx_word' id='word_1_17' title='bbox 1282 1127 1352 1192; x_wconf 90' lang='lat' dir='ltr'>N</span> <span class='ocrx_word' id='word_1_18' title='bbox 1353 1127 1779 1193; x_wconf 84' lang='lat' dir='ltr'><strong>orwicensem</strong></span> <span class='ocrx_word' id='word_1_19' title='bbox 1842 1127 2177 1214; x_wconf 76' lang='lat' dir='ltr'><strong>repulsam</strong></span> <span class='ocrx_word' id='word_1_20' title='bbox 2236 1128 2626 1194; x_wconf 76' lang='lat' dir='ltr'><strong>sustinuisse</strong></span> <span class='ocrx_word' id='word_1_21' title='bbox 2674 1127 2957 1214; x_wconf 83' lang='lat' dir='ltr'><strong>Stepha—</strong></span> 
     </span>
     <span class='ocr_line' id='line_1_4' title="bbox 858 1228 2959 1316; baseline -0 -22"><span class='ocrx_word' id='word_1_22' title='bbox 858 1251 1151 1316; x_wconf 89' lang='lat' dir='ltr'><strong>numque</strong></span> <span class='ocrx_word' id='word_1_23' title='bbox 1195 1230 1268 1294; x_wconf 90' lang='lat' dir='ltr'><strong>in</strong></span> <span class='ocrx_word' id='word_1_24' title='bbox 1310 1229 1867 1316; x_wconf 87' lang='lat' dir='ltr'><strong>archiepiscopum</strong></span> <span class='ocrx_word' id='word_1_25' title='bbox 1898 1228 2444 1296; x_wconf 74' lang='lat' dir='ltr'><strong>cantuariensem</strong></span> <span class='ocrx_word' id='word_1_26' title='bbox 2488 1233 2959 1308; x_wconf 86' lang='lat' dir='ltr'><strong>consecratum,</strong></span> 
     </span>
     <span class='ocr_line' id='line_1_5' title="bbox 523 1321 2957 1420; baseline 0 -24"><span class='ocrx_word' id='word_1_27' title='bbox 523 1347 768 1412; x_wconf 76' lang='lat' dir='ltr'><strong>Indigna·</strong></span> <span class='ocrx_word' id='word_1_28' title='bbox 860 1355 981 1398; x_wconf 85' lang='lat' dir='ltr'><strong>rex</strong></span> <span class='ocrx_word' id='word_1_29' title='bbox 1025 1333 1205 1398; x_wconf 87' lang='lat' dir='ltr'><strong>ultra</strong></span> <span class='ocrx_word' id='word_1_30' title='bbox 1247 1332 1517 1398; x_wconf 90' lang='lat' dir='ltr'><strong>modum</strong></span> <span class='ocrx_word' id='word_1_31' title='bbox 1569 1333 1783 1398; x_wconf 85' lang='lat' dir='ltr'><strong>iratus</strong></span> <span class='ocrx_word' id='word_1_32' title='bbox 1847 1333 2135 1420; x_wconf 85' lang='lat' dir='ltr'><strong>priorem</strong></span> <span class='ocrx_word' id='word_1_33' title='bbox 2178 1321 2249 1398; x_wconf 87' lang='lat' dir='ltr'><strong>et</strong></span> <span class='ocrx_word' id='word_1_34' title='bbox 2298 1337 2515 1398; x_wconf 83' lang='lat' dir='ltr'><strong>totum</strong></span> <span class='ocrx_word' id='word_1_35' title='bbox 2558 1337 2957 1399; x_wconf 84' lang='lat' dir='ltr'><strong>conventum</strong></span> 
     </span>
     <span class='ocr_line' id='line_1_6' title="bbox 523 1415 2957 1532; baseline 0 -32"><span class='ocrx_word' id='word_1_36' title='bbox 523 1415 632 1532; x_wconf 53' lang='lat'><strong>{³⁰1¹}</strong></span> <span class='ocrx_word' id='word_1_37' title='bbox 655 1415 718 1464; x_wconf 52' lang='grc' dir='ltr'><strong>οἰ</strong></span> <span class='ocrx_word' id='word_1_38' title='bbox 752 1480 786 1530; x_wconf 83' lang='lat' dir='ltr'>h</span> <span class='ocrx_word' id='word_1_39' title='bbox 861 1435 1404 1502; x_wconf 87' lang='lat' dir='ltr'><strong>Cantuariensem</strong></span> <span class='ocrx_word' id='word_1_40' title='bbox 1462 1457 1505 1500; x_wconf 90' lang='lat' dir='ltr'><strong>a</strong></span> <span class='ocrx_word' id='word_1_41' title='bbox 1563 1434 1965 1501; x_wconf 90' lang='lat' dir='ltr'><strong>monasterio</strong></span> <span class='ocrx_word' id='word_1_42' title='bbox 2009 1435 2272 1523; x_wconf 91' lang='lat' dir='ltr'><strong>proprio</strong></span> <span class='ocrx_word' id='word_1_43' title='bbox 2316 1435 2691 1522; x_wconf 85' lang='lat' dir='ltr'><strong>expellebat</strong></span> <span class='ocrx_word' id='word_1_44' title='bbox 2754 1440 2825 1502; x_wconf 91' lang='lat' dir='ltr'><strong>et</strong></span> <span class='ocrx_word' id='word_1_45' title='bbox 2880 1436 2957 1500; x_wconf 88' lang='lat' dir='ltr'><strong>in</strong></span> 
     </span>
     <span class='ocr_line' id='line_1_7' title="bbox 523 1495 2957 1626; baseline 0.002 -28"><span class='ocrx_word' id='word_1_46' title='bbox 523 1495 822 1611; x_wconf 59' lang='lat' dir='ltr'><strong>0:293}th</strong></span> <span class='ocrx_word' id='word_1_47' title='bbox 858 1545 1065 1604; x_wconf 86' lang='lat' dir='ltr'><strong>terras</strong></span> <span class='ocrx_word' id='word_1_48' title='bbox 1127 1538 1374 1603; x_wconf 83' lang='lat' dir='ltr'><strong>alienas</strong></span> <span class='ocrx_word' id='word_1_49' title='bbox 1439 1537 1793 1626; x_wconf 72' lang='lat' dir='ltr'><strong>relegabat.</strong></span> <span class='ocrx_word' id='word_1_50' title='bbox 1886 1537 2437 1625; x_wconf 87' lang='lat' dir='ltr'><strong>Confiscabatque</strong></span> <span class='ocrx_word' id='word_1_51' title='bbox 2494 1538 2672 1606; x_wconf 85' lang='lat' dir='ltr'><strong>bona</strong></span> <span class='ocrx_word' id='word_1_52' title='bbox 2712 1559 2957 1616; x_wconf 86' lang='lat' dir='ltr'><strong>eorum,</strong></span> 
     </span>
     <span class='ocr_line' id='line_1_8' title="bbox 519 1614 2959 1731; baseline 0 -25"><span class='ocrx_word' id='word_1_53' title='bbox 519 1614 814 1731; x_wconf 38' lang='lat' dir='ltr'><strong>32:3¹⁸&amp;st</strong></span> <span class='ocrx_word' id='word_1_54' title='bbox 855 1646 926 1707; x_wconf 89' lang='lat' dir='ltr'><strong>et</strong></span> <span class='ocrx_word' id='word_1_55' title='bbox 969 1641 1442 1706; x_wconf 87' lang='lat' dir='ltr'><strong>monasterium</strong></span> <span class='ocrx_word' id='word_1_56' title='bbox 1480 1644 1551 1706; x_wconf 91' lang='lat' dir='ltr'><strong>et</strong></span> <span class='ocrx_word' id='word_1_57' title='bbox 1592 1641 1887 1706; x_wconf 82' lang='lat' dir='ltr'><strong>maneria</strong></span> <span class='ocrx_word' id='word_1_58' title='bbox 1914 1661 2140 1706; x_wconf 89' lang='lat' dir='ltr'><strong>eorum</strong></span> <span class='ocrx_word' id='word_1_59' title='bbox 2185 1641 2606 1728; x_wconf 76' lang='lat' dir='ltr'><strong>praedonibus</strong></span> <span class='ocrx_word' id='word_1_60' title='bbox 2648 1639 2959 1706; x_wconf 84' lang='lat' dir='ltr'><strong>tradebat</strong></span> 
     </span>
     <span class='ocr_line' id='line_1_9' title="bbox 521 1742 2959 1832; baseline -0.002 -18"><span class='ocrx_word' id='word_1_61' title='bbox 521 1753 824 1814; x_wconf 68' lang='lat' dir='ltr'><strong>monastery.</strong></span> <span class='ocrx_word' id='word_1_62' title='bbox 855 1742 1300 1809; x_wconf 68' lang='lat' dir='ltr'><strong>custodienda</strong></span> <span class='ocrx_word' id='word_1_63' title='bbox 1391 1743 1485 1808; x_wconf 90' lang='lat' dir='ltr'><strong>Et</strong></span> <span class='ocrx_word' id='word_1_64' title='bbox 1543 1747 1775 1831; x_wconf 90' lang='lat' dir='ltr'><strong>postea</strong></span> <span class='ocrx_word' id='word_1_65' title='bbox 1817 1743 2245 1832; x_wconf 75' lang='lat' dir='ltr'><strong>praecipiebat</strong></span> <span class='ocrx_word' id='word_1_66' title='bbox 2286 1749 2367 1808; x_wconf 86' lang='lat' dir='ltr'><strong>ut</strong></span> <span class='ocrx_word' id='word_1_67' title='bbox 2430 1743 2679 1810; x_wconf 83' lang='lat' dir='ltr'><strong>litterae</strong></span> <span class='ocrx_word' id='word_1_68' title='bbox 2722 1765 2765 1808; x_wconf 91' lang='lat' dir='ltr'><strong>a</strong></span> <span class='ocrx_word' id='word_1_69' title='bbox 2806 1743 2959 1808; x_wconf 89' lang='lat' dir='ltr'><strong>sede</strong></span> 
     </span>
     <span class='ocr_line' id='line_1_10' title="bbox 855 1843 2957 1933; baseline 0 -23"><span class='ocrx_word' id='word_1_70' title='bbox 855 1843 1218 1932; x_wconf 86' lang='lat' dir='ltr'><strong>apostolica</strong></span> <span class='ocrx_word' id='word_1_71' title='bbox 1273 1845 1491 1912; x_wconf 84' lang='lat' dir='ltr'><strong>missae</strong></span> <span class='ocrx_word' id='word_1_72' title='bbox 1558 1846 1633 1910; x_wconf 91' lang='lat' dir='ltr'><strong>in</strong></span> <span class='ocrx_word' id='word_1_73' title='bbox 1699 1850 1879 1912; x_wconf 86' lang='lat' dir='ltr'><strong>terra</strong></span> <span class='ocrx_word' id='word_1_74' title='bbox 1944 1868 2065 1912; x_wconf 88' lang='lat' dir='ltr'><strong>sua</strong></span> <span class='ocrx_word' id='word_1_75' title='bbox 2131 1845 2390 1911; x_wconf 89' lang='lat' dir='ltr'><strong>nullum</strong></span> <span class='ocrx_word' id='word_1_76' title='bbox 2458 1847 2777 1933; x_wconf 86' lang='lat' dir='ltr'><strong>placitum</strong></span> <span class='ocrx_word' id='word_1_77' title='bbox 2840 1867 2957 1912; x_wconf 82' lang='lat' dir='ltr'><strong>seu</strong></span> 
     </span>
     <span class='ocr_line' id='line_1_11' title="bbox 856 1939 2960 2035; baseline 0 -23"><span class='ocrx_word' id='word_1_78' title='bbox 856 1939 1310 2013; x_wconf 82' lang='lat' dir='ltr'><strong>executionem</strong></span> <span class='ocrx_word' id='word_1_79' title='bbox 1374 1949 1789 2014; x_wconf 89' lang='lat' dir='ltr'><strong>sortirentur.</strong></span> <span class='ocrx_word' id='word_1_80' title='bbox 1905 1947 2062 2014; x_wconf 88' lang='lat' dir='ltr'><strong>Hiis</strong></span> <span class='ocrx_word' id='word_1_81' title='bbox 2136 1949 2405 2035; x_wconf 89' lang='lat' dir='ltr'><strong>quidem</strong></span> <span class='ocrx_word' id='word_1_82' title='bbox 2476 1949 2556 2013; x_wconf 88' lang='lat' dir='ltr'><strong>in</strong></span> <span class='ocrx_word' id='word_1_83' title='bbox 2617 1948 2960 2014; x_wconf 86' lang='lat' dir='ltr'><strong>audientia</strong></span> 
     </span>
     <span class='ocr_line' id='line_1_12' title="bbox 855 2050 2957 2140; baseline 0 -24"><span class='ocrx_word' id='word_1_84' title='bbox 855 2073 1045 2137; x_wconf 86' lang='lat' dir='ltr'><strong>papae</strong></span> <span class='ocrx_word' id='word_1_85' title='bbox 1088 2050 1460 2136; x_wconf 87' lang='lat' dir='ltr'><strong>publicatis,</strong></span> <span class='ocrx_word' id='word_1_86' title='bbox 1491 2074 1666 2139; x_wconf 89' lang='lat' dir='ltr'><strong>papa</strong></span> <span class='ocrx_word' id='word_1_87' title='bbox 1711 2051 2149 2118; x_wconf 62' lang='lat' dir='ltr'><strong>amicabiliter</strong></span> <span class='ocrx_word' id='word_1_88' title='bbox 2190 2053 2333 2140; x_wconf 88' lang='lat' dir='ltr'><strong>regi</strong></span> <span class='ocrx_word' id='word_1_89' title='bbox 2376 2053 2423 2117; x_wconf 87' lang='lat' dir='ltr'><strong>J</strong></span> <span class='ocrx_word' id='word_1_90' title='bbox 2427 2050 2675 2138; x_wconf 88' lang='lat' dir='ltr'><strong>ohanni</strong></span> <span class='ocrx_word' id='word_1_91' title='bbox 2718 2051 2957 2117; x_wconf 83' lang='lat' dir='ltr'><strong>scribe-</strong></span> 
     </span>
     <span class='ocr_line' id='line_1_13' title="bbox 854 2153 2961 2243; baseline 0.001 -25"><span class='ocrx_word' id='word_1_92' title='bbox 854 2153 974 2218; x_wconf 87' lang='lat' dir='ltr'><strong>bat</strong></span> <span class='ocrx_word' id='word_1_93' title='bbox 1014 2157 1095 2217; x_wconf 89' lang='lat' dir='ltr'><strong>ut</strong></span> <span class='ocrx_word' id='word_1_94' title='bbox 1158 2153 1574 2240; x_wconf 81' lang='lat' dir='ltr'><strong>Stephanum</strong></span> <span class='ocrx_word' id='word_1_95' title='bbox 1619 2155 1708 2220; x_wconf 85' lang='lat' dir='ltr'><strong>ad</strong></span> <span class='ocrx_word' id='word_1_96' title='bbox 1749 2176 1941 2220; x_wconf 88' lang='lat' dir='ltr'><strong>suam</strong></span> <span class='ocrx_word' id='word_1_97' title='bbox 1986 2155 2206 2220; x_wconf 89' lang='lat' dir='ltr'><strong>sedem</strong></span> <span class='ocrx_word' id='word_1_98' title='bbox 2250 2155 2586 2242; x_wconf 87' lang='lat' dir='ltr'><strong>reciperet,</strong></span> <span class='ocrx_word' id='word_1_99' title='bbox 2645 2155 2961 2243; x_wconf 86' lang='lat' dir='ltr'><strong>priorem-</strong></span> 
     </span>
     <span class='ocr_line' id='line_1_14' title="bbox 853 2257 2959 2342; baseline 0.001 -22"><span class='ocrx_word' id='word_1_100' title='bbox 853 2277 982 2342; x_wconf 89' lang='lat' dir='ltr'><strong>que</strong></span> <span class='ocrx_word' id='word_1_101' title='bbox 1055 2260 1126 2321; x_wconf 90' lang='lat' dir='ltr'><strong>et</strong></span> <span class='ocrx_word' id='word_1_102' title='bbox 1199 2261 1600 2323; x_wconf 85' lang='lat' dir='ltr'><strong>conventum</strong></span> <span class='ocrx_word' id='word_1_103' title='bbox 1685 2257 2230 2324; x_wconf 69' lang='lat' dir='ltr'><strong>cantuariensem</strong></span> <span class='ocrx_word' id='word_1_104' title='bbox 2302 2257 2389 2323; x_wconf 85' lang='lat' dir='ltr'><strong>ad</strong></span> <span class='ocrx_word' id='word_1_105' title='bbox 2480 2257 2959 2323; x_wconf 87' lang='lat' dir='ltr'><strong>monasterium</strong></span> 
     </span>
     <span class='ocr_line' id='line_1_15' title="bbox 521 2343 2959 2448; baseline 0 -24"><span class='ocrx_word' id='word_1_106' title='bbox 521 2373 634 2424; x_wconf 83' lang='lat' dir='ltr'><strong>The</strong></span> <span class='ocrx_word' id='word_1_107' title='bbox 656 2373 809 2440; x_wconf 79' lang='lat' dir='ltr'><strong>king·</strong></span> <span class='ocrx_word' id='word_1_108' title='bbox 853 2357 1192 2445; x_wconf 89' lang='lat' dir='ltr'><strong>proprium</strong></span> <span class='ocrx_word' id='word_1_109' title='bbox 1265 2343 1527 2448; x_wconf 78' lang='lat' dir='ltr'><strong>regredi</strong></span> <span class='ocrx_word' id='word_1_110' title='bbox 1594 2364 1947 2447; x_wconf 86' lang='lat' dir='ltr'><strong>pateretur.</strong></span> <span class='ocrx_word' id='word_1_111' title='bbox 2056 2361 2150 2426; x_wconf 90' lang='lat' dir='ltr'><strong>Et</strong></span> <span class='ocrx_word' id='word_1_112' title='bbox 2210 2382 2361 2426; x_wconf 85' lang='lat' dir='ltr'><strong>cum</strong></span> <span class='ocrx_word' id='word_1_113' title='bbox 2426 2381 2547 2426; x_wconf 84' lang='lat' dir='ltr'><strong>rex</strong></span> <span class='ocrx_word' id='word_1_114' title='bbox 2608 2361 2959 2448; x_wconf 82' lang='lat' dir='ltr'><strong>praeceptis</strong></span> 
     </span>
     <span class='ocr_line' id='line_1_16' title="bbox 518 2439 2960 2559; baseline 0 -33"><span class='ocrx_word' id='word_1_115' title='bbox 518 2439 830 2559; x_wconf 51' lang='grc' dir='ltr'><strong>ξζῖεξωᾱ</strong></span> <span class='ocrx_word' id='word_1_116' title='bbox 852 2461 1225 2548; x_wconf 88' lang='lat' dir='ltr'><strong>apostolicis</strong></span> <span class='ocrx_word' id='word_1_117' title='bbox 1246 2485 1476 2550; x_wconf 88' lang='lat' dir='ltr'><strong>parere</strong></span> <span class='ocrx_word' id='word_1_118' title='bbox 1505 2463 2021 2552; x_wconf 83' lang='lat' dir='ltr'><strong>contempsisset,</strong></span> <span class='ocrx_word' id='word_1_119' title='bbox 2043 2464 2310 2529; x_wconf 89' lang='lat' dir='ltr'><strong>demum</strong></span> <span class='ocrx_word' id='word_1_120' title='bbox 2333 2485 2507 2551; x_wconf 89' lang='lat' dir='ltr'><strong>papa</strong></span> <span class='ocrx_word' id='word_1_121' title='bbox 2527 2462 2960 2528; x_wconf 85' lang='lat' dir='ltr'><strong>Innocentius</strong></span> 
     </span>
     <span class='ocr_line' id='line_1_17' title="bbox 519 2563 2961 2656; baseline 0.002 -32"><span class='ocrx_word' id='word_1_122' title='bbox 519 2574 725 2656; x_wconf 53' lang='lat' dir='ltr'><strong>general</strong></span> <span class='ocrx_word' id='word_1_123' title='bbox 852 2565 1173 2652; x_wconf 87' lang='lat' dir='ltr'><strong>episcopis</strong></span> <span class='ocrx_word' id='word_1_124' title='bbox 1255 2563 1722 2642; x_wconf 89' lang='lat' dir='ltr'><strong>Londoniensi,</strong></span> <span class='ocrx_word' id='word_1_125' title='bbox 1794 2565 2064 2644; x_wconf 87' lang='lat' dir='ltr'><strong>Eliensi,</strong></span> <span class='ocrx_word' id='word_1_126' title='bbox 2144 2565 2584 2652; x_wconf 87' lang='lat' dir='ltr'><strong>Wigorniensi</strong></span> <span class='ocrx_word' id='word_1_127' title='bbox 2650 2568 2721 2630; x_wconf 90' lang='lat' dir='ltr'><strong>et</strong></span> <span class='ocrx_word' id='word_1_128' title='bbox 2788 2565 2961 2629; x_wconf 90' lang='lat' dir='ltr'><strong>Her-</strong></span> 
     </span>
     <span class='ocr_line' id='line_1_18' title="bbox 519 2644 2957 2756; baseline 0 -24"><span class='ocrx_word' id='word_1_129' title='bbox 519 2644 769 2694; x_wconf 51' lang='lat' dir='ltr'>¹¹²²⁸ffl¹⁰t</span> <span class='ocrx_word' id='word_1_130' title='bbox 849 2667 1157 2746; x_wconf 86' lang='lat' dir='ltr'><strong>fordensi,</strong></span> <span class='ocrx_word' id='word_1_131' title='bbox 1225 2689 1344 2754; x_wconf 89' lang='lat' dir='ltr'><strong>per</strong></span> <span class='ocrx_word' id='word_1_132' title='bbox 1417 2689 1572 2732; x_wconf 86' lang='lat' dir='ltr'><strong>suas</strong></span> <span class='ocrx_word' id='word_1_133' title='bbox 1649 2667 1910 2734; x_wconf 84' lang='lat' dir='ltr'><strong>litteras</strong></span> <span class='ocrx_word' id='word_1_134' title='bbox 1976 2668 2386 2756; x_wconf 88' lang='lat' dir='ltr'><strong>injungebat,</strong></span> <span class='ocrx_word' id='word_1_135' title='bbox 2454 2667 2635 2755; x_wconf 89' lang='lat' dir='ltr'><strong>quod</strong></span> <span class='ocrx_word' id='word_1_136' title='bbox 2706 2667 2767 2734; x_wconf 90' lang='lat' dir='ltr'><strong>si</strong></span> <span class='ocrx_word' id='word_1_137' title='bbox 2835 2689 2957 2732; x_wconf 79' lang='lat' dir='ltr'><strong>rex</strong></span> 
     </span>
     <span class='ocr_line' id='line_1_19' title="bbox 848 2768 2954 2857; baseline 0 -24"><span class='ocrx_word' id='word_1_138' title='bbox 848 2769 1068 2856; x_wconf 89' lang='lat' dir='ltr'><strong>ipsum</strong></span> <span class='ocrx_word' id='word_1_139' title='bbox 1113 2768 1526 2856; x_wconf 87' lang='lat' dir='ltr'><strong>Stephanum</strong></span> <span class='ocrx_word' id='word_1_140' title='bbox 1558 2769 2121 2857; x_wconf 89' lang='lat' dir='ltr'><strong>archiepiscopum</strong></span> <span class='ocrx_word' id='word_1_141' title='bbox 2164 2769 2253 2834; x_wconf 87' lang='lat' dir='ltr'><strong>ad</strong></span> <span class='ocrx_word' id='word_1_142' title='bbox 2296 2791 2484 2835; x_wconf 86' lang='lat' dir='ltr'><strong>suam</strong></span> <span class='ocrx_word' id='word_1_143' title='bbox 2528 2769 2751 2836; x_wconf 90' lang='lat' dir='ltr'><strong>sedem</strong></span> <span class='ocrx_word' id='word_1_144' title='bbox 2794 2770 2954 2834; x_wconf 85' lang='lat' dir='ltr'><strong>reci-</strong></span> 
     </span>
     <span class='ocr_line' id='line_1_20' title="bbox 849 2872 2957 2961; baseline 0.001 -25"><span class='ocrx_word' id='word_1_145' title='bbox 849 2893 1003 2961; x_wconf 89' lang='lat' dir='ltr'><strong>pere</strong></span> <span class='ocrx_word' id='word_1_146' title='bbox 1065 2876 1136 2937; x_wconf 89' lang='lat' dir='ltr'><strong>et</strong></span> <span class='ocrx_word' id='word_1_147' title='bbox 1211 2872 1564 2938; x_wconf 85' lang='lat' dir='ltr'><strong>monachos</strong></span> <span class='ocrx_word' id='word_1_148' title='bbox 1641 2873 1714 2938; x_wconf 90' lang='lat' dir='ltr'><strong>in</strong></span> <span class='ocrx_word' id='word_1_149' title='bbox 1774 2894 1969 2939; x_wconf 88' lang='lat' dir='ltr'><strong>suum</strong></span> <span class='ocrx_word' id='word_1_150' title='bbox 2030 2872 2509 2940; x_wconf 87' lang='lat' dir='ltr'><strong>monasterium</strong></span> <span class='ocrx_word' id='word_1_151' title='bbox 2568 2873 2957 2961; x_wconf 84' lang='lat' dir='ltr'><strong>permittere</strong></span> 
     </span>
     <span class='ocr_line' id='line_1_21' title="bbox 849 2974 2955 3063; baseline 0.001 -24"><span class='ocrx_word' id='word_1_152' title='bbox 849 2975 1174 3041; x_wconf 87' lang='lat' dir='ltr'><strong>reintrare</strong></span> <span class='ocrx_word' id='word_1_153' title='bbox 1233 2974 1650 3063; x_wconf 80' lang='lat' dir='ltr'><strong>neglexisset,</strong></span> <span class='ocrx_word' id='word_1_154' title='bbox 1709 2975 2085 3063; x_wconf 81' lang='lat' dir='ltr'><strong>generalem</strong></span> <span class='ocrx_word' id='word_1_155' title='bbox 2148 2976 2491 3041; x_wconf 88' lang='lat' dir='ltr'><strong>interdicti</strong></span> <span class='ocrx_word' id='word_1_156' title='bbox 2554 2974 2955 3043; x_wconf 87' lang='lat' dir='ltr'><strong>sententiam</strong></span> 
     </span>
     <span class='ocr_line' id='line_1_22' title="bbox 851 3078 2955 3167; baseline 0 -23"><span class='ocrx_word' id='word_1_157' title='bbox 851 3078 926 3144; x_wconf 92' lang='lat' dir='ltr'><strong>in</strong></span> <span class='ocrx_word' id='word_1_158' title='bbox 998 3083 1215 3144; x_wconf 90' lang='lat' dir='ltr'><strong>totam</strong></span> <span class='ocrx_word' id='word_1_159' title='bbox 1273 3078 1588 3166; x_wconf 84' lang='lat' dir='ltr'><strong>Angliam</strong></span> <span class='ocrx_word' id='word_1_160' title='bbox 1661 3083 1732 3145; x_wconf 90' lang='lat' dir='ltr'><strong>et</strong></span> <span class='ocrx_word' id='word_1_161' title='bbox 1798 3078 2113 3145; x_wconf 87' lang='lat' dir='ltr'><strong>Walliam</strong></span> <span class='ocrx_word' id='word_1_162' title='bbox 2184 3080 2694 3167; x_wconf 83' lang='lat' dir='ltr'><strong>promulgarent.</strong></span> <span class='ocrx_word' id='word_1_163' title='bbox 2808 3080 2955 3144; x_wconf 80' lang='lat' dir='ltr'><strong>Hac</strong></span> 
     </span>
     <span class='ocr_line' id='line_1_23' title="bbox 852 3180 2955 3271; baseline 0.002 -26"><span class='ocrx_word' id='word_1_164' title='bbox 852 3180 1182 3267; x_wconf 83' lang='lat' dir='ltr'><strong>legatione</strong></span> <span class='ocrx_word' id='word_1_165' title='bbox 1228 3182 1315 3247; x_wconf 89' lang='lat' dir='ltr'><strong>ab</strong></span> <span class='ocrx_word' id='word_1_166' title='bbox 1359 3180 1675 3268; x_wconf 84' lang='lat' dir='ltr'><strong>episeopis</strong></span> <span class='ocrx_word' id='word_1_167' title='bbox 1733 3187 2017 3270; x_wconf 88' lang='lat' dir='ltr'><strong>recepta,</strong></span> <span class='ocrx_word' id='word_1_168' title='bbox 2060 3181 2190 3269; x_wconf 88' lang='lat' dir='ltr'><strong>ipsi</strong></span> <span class='ocrx_word' id='word_1_169' title='bbox 2230 3202 2458 3247; x_wconf 89' lang='lat' dir='ltr'><strong>omnes</strong></span> <span class='ocrx_word' id='word_1_170' title='bbox 2514 3204 2737 3271; x_wconf 86' lang='lat' dir='ltr'><strong>regem</strong></span> <span class='ocrx_word' id='word_1_171' title='bbox 2780 3182 2955 3249; x_wconf 84' lang='lat' dir='ltr'><strong>adie-</strong></span> 
     </span>
     <span class='ocr_line' id='line_1_24' title="bbox 855 3284 2955 3373; baseline 0.002 -26"><span class='ocrx_word' id='word_1_172' title='bbox 855 3288 1034 3361; x_wconf 85' lang='lat' dir='ltr'><strong>runt,</strong></span> <span class='ocrx_word' id='word_1_173' title='bbox 1101 3288 1171 3349; x_wconf 90' lang='lat' dir='ltr'><strong>et</strong></span> <span class='ocrx_word' id='word_1_174' title='bbox 1247 3289 1326 3350; x_wconf 90' lang='lat' dir='ltr'><strong>ut</strong></span> <span class='ocrx_word' id='word_1_175' title='bbox 1399 3285 1759 3350; x_wconf 86' lang='lat' dir='ltr'><strong>secundum</strong></span> <span class='ocrx_word' id='word_1_176' title='bbox 1834 3308 2025 3372; x_wconf 76' lang='lat' dir='ltr'><strong>papae</strong></span> <span class='ocrx_word' id='word_1_177' title='bbox 2086 3284 2478 3351; x_wconf 85' lang='lat' dir='ltr'><strong>mandatum</strong></span> <span class='ocrx_word' id='word_1_178' title='bbox 2544 3284 2955 3373; x_wconf 78' lang='lat' dir='ltr'><strong>Stephanum</strong></span> 
     </span>
     <span class='ocr_line' id='line_1_25' title="bbox 854 3386 2955 3475; baseline 0.001 -24"><span class='ocrx_word' id='word_1_179' title='bbox 854 3386 1414 3473; x_wconf 88' lang='lat' dir='ltr'><strong>archiepiscopum</strong></span> <span class='ocrx_word' id='word_1_180' title='bbox 1456 3386 1795 3475; x_wconf 87' lang='lat' dir='ltr'><strong>reciperet,</strong></span> <span class='ocrx_word' id='word_1_181' title='bbox 1857 3388 2143 3474; x_wconf 89' lang='lat' dir='ltr'><strong>priorem</strong></span> <span class='ocrx_word' id='word_1_182' title='bbox 2188 3392 2256 3453; x_wconf 91' lang='lat' dir='ltr'><strong>et</strong></span> <span class='ocrx_word' id='word_1_183' title='bbox 2314 3393 2717 3454; x_wconf 86' lang='lat' dir='ltr'><strong>conventum</strong></span> <span class='ocrx_word' id='word_1_184' title='bbox 2760 3411 2955 3454; x_wconf 90' lang='lat' dir='ltr'><strong>suum</strong></span> 
     </span>
     <span class='ocr_line' id='line_1_26' title="bbox 853 3489 2955 3577; baseline 0.001 -24"><span class='ocrx_word' id='word_1_185' title='bbox 853 3489 1328 3554; x_wconf 86' lang='lat' dir='ltr'><strong>monasterium</strong></span> <span class='ocrx_word' id='word_1_186' title='bbox 1399 3489 1716 3555; x_wconf 89' lang='lat' dir='ltr'><strong>reintrare</strong></span> <span class='ocrx_word' id='word_1_187' title='bbox 1778 3491 2211 3577; x_wconf 81' lang='lat' dir='ltr'><strong>promitteret,</strong></span> <span class='ocrx_word' id='word_1_188' title='bbox 2288 3495 2358 3556; x_wconf 89' lang='lat' dir='ltr'><strong>et</strong></span> <span class='ocrx_word' id='word_1_189' title='bbox 2431 3492 2606 3556; x_wconf 89' lang='lat' dir='ltr'><strong>bona</strong></span> <span class='ocrx_word' id='word_1_190' title='bbox 2636 3502 2641 3505; x_wconf 83' lang='lat'>&#39;</span> <span class='ocrx_word' id='word_1_191' title='bbox 2674 3514 2797 3557; x_wconf 89' lang='lat' dir='ltr'><strong>sua</strong></span> <span class='ocrx_word' id='word_1_192' title='bbox 2858 3492 2955 3557; x_wconf 88' lang='lat' dir='ltr'><strong>eis</strong></span> 
     </span>
     <span class='ocr_line' id='line_1_27' title="bbox 853 3590 2955 3681; baseline 0.002 -26"><span class='ocrx_word' id='word_1_193' title='bbox 853 3590 1250 3669; x_wconf 85' lang='lat' dir='ltr'><strong>restitueret,</strong></span> <span class='ocrx_word' id='word_1_194' title='bbox 1313 3612 1462 3656; x_wconf 89' lang='lat' dir='ltr'><strong>cum</strong></span> <span class='ocrx_word' id='word_1_195' title='bbox 1520 3592 1808 3657; x_wconf 81' lang='lat' dir='ltr'><strong>lacrimis</strong></span> <span class='ocrx_word' id='word_1_196' title='bbox 1870 3598 1941 3658; x_wconf 90' lang='lat' dir='ltr'><strong>et</strong></span> <span class='ocrx_word' id='word_1_197' title='bbox 2002 3593 2363 3681; x_wconf 89' lang='lat' dir='ltr'><strong>gemitibus</strong></span> <span class='ocrx_word' id='word_1_198' title='bbox 2428 3616 2579 3659; x_wconf 91' lang='lat' dir='ltr'><strong>eum</strong></span> <span class='ocrx_word' id='word_1_199' title='bbox 2646 3594 2955 3660; x_wconf 77' lang='lat' dir='ltr'><strong>obnixius</strong></span> 
     </span>
     <span class='ocr_line' id='line_1_28' title="bbox 854 3692 2951 3783; baseline 0.003 -26"><span class='ocrx_word' id='word_1_200' title='bbox 854 3694 1236 3771; x_wconf 85' lang='lat' dir='ltr'><strong>exorabant,</strong></span> <span class='ocrx_word' id='word_1_201' title='bbox 1284 3698 1354 3759; x_wconf 89' lang='lat' dir='ltr'><strong>et</strong></span> <span class='ocrx_word' id='word_1_202' title='bbox 1397 3692 1649 3759; x_wconf 80' lang='lat' dir='ltr'><strong>bullam</strong></span> <span class='ocrx_word' id='word_1_203' title='bbox 1695 3718 1833 3761; x_wconf 76' lang='lat' dir='ltr'><strong>suae</strong></span> <span class='ocrx_word' id='word_1_204' title='bbox 1878 3695 2229 3783; x_wconf 81' lang='lat' dir='ltr'><strong>legationis</strong></span> <span class='ocrx_word' id='word_1_205' title='bbox 2260 3696 2473 3763; x_wconf 89' lang='lat' dir='ltr'><strong>eidem</strong></span> <span class='ocrx_word' id='word_1_206' title='bbox 2516 3702 2951 3764; x_wconf 86' lang='lat' dir='ltr'><strong>ostentarunt.</strong></span> 
     </span>
     <span class='ocr_line' id='line_1_29' title="bbox 855 3794 2957 3888; baseline 0.003 -29"><span class='ocrx_word' id='word_1_207' title='bbox 855 3794 986 3859; x_wconf 89' lang='lat' dir='ltr'><strong>Sed</strong></span> <span class='ocrx_word' id='word_1_208' title='bbox 1061 3798 1289 3861; x_wconf 87' lang='lat' dir='ltr'><strong>tamen</strong></span> <span class='ocrx_word' id='word_1_209' title='bbox 1361 3816 1574 3883; x_wconf 91' lang='lat' dir='ltr'><strong>neque</strong></span> <span class='ocrx_word' id='word_1_210' title='bbox 1671 3797 1871 3863; x_wconf 91' lang='lat' dir='ltr'><strong>minis</strong></span> <span class='ocrx_word' id='word_1_211' title='bbox 1954 3820 2166 3885; x_wconf 91' lang='lat' dir='ltr'><strong>neque</strong></span> <span class='ocrx_word' id='word_1_212' title='bbox 2239 3800 2537 3888; x_wconf 84' lang='lat' dir='ltr'><strong>precibus</strong></span> <span class='ocrx_word' id='word_1_213' title='bbox 2611 3800 2957 3888; x_wconf 84' lang='lat' dir='ltr'><strong>praeeeptis</strong></span> 
     </span>
     <span class='ocr_line' id='line_1_30' title="bbox 855 3897 2957 3985; baseline 0.002 -23"><span class='ocrx_word' id='word_1_214' title='bbox 855 3897 1227 3984; x_wconf 87' lang='lat' dir='ltr'><strong>apostolicis</strong></span> <span class='ocrx_word' id='word_1_215' title='bbox 1292 3897 1510 3985; x_wconf 91' lang='lat' dir='ltr'><strong>ipsum</strong></span> <span class='ocrx_word' id='word_1_216' title='bbox 1577 3898 1838 3966; x_wconf 89' lang='lat' dir='ltr'><strong>flectere</strong></span> <span class='ocrx_word' id='word_1_217' title='bbox 1858 3897 1879 3936; x_wconf 88' lang='lat'><strong>¹</strong></span> <span class='ocrx_word' id='word_1_218' title='bbox 1946 3900 2277 3968; x_wconf 85' lang='lat' dir='ltr'><strong>valebant.</strong></span> <span class='ocrx_word' id='word_1_219' title='bbox 2371 3902 2573 3969; x_wconf 85' lang='lat' dir='ltr'><strong>&#39;Unde</strong></span> <span class='ocrx_word' id='word_1_220' title='bbox 2626 3902 2957 3969; x_wconf 86' lang='lat' dir='ltr'><strong>dominica</strong></span> 
     </span>
     <span class='ocr_line' id='line_1_31' title="bbox 855 4000 2955 4091; baseline 0.002 -25"><span class='ocrx_word' id='word_1_221' title='bbox 855 4002 928 4066; x_wconf 93' lang='lat' dir='ltr'><strong>in</strong></span> <span class='ocrx_word' id='word_1_222' title='bbox 974 4000 1509 4067; x_wconf 87' lang='lat' dir='ltr'><strong>Annunciatione</strong></span> <span class='ocrx_word' id='word_1_223' title='bbox 1559 4002 1925 4083; x_wconf 86' lang='lat' dir='ltr'><strong>Dominica,</strong></span> <span class='ocrx_word' id='word_1_224' title='bbox 1976 4025 2149 4069; x_wconf 92' lang='lat' dir='ltr'><strong>anno</strong></span> <span class='ocrx_word' id='word_1_225' title='bbox 2196 4004 2467 4070; x_wconf 88' lang='lat' dir='ltr'><strong>Domini</strong></span> <span class='ocrx_word' id='word_1_226' title='bbox 2516 4000 2707 4082; x_wconf 71' lang='lat'><strong>1268,</strong></span> <span class='ocrx_word' id='word_1_227' title='bbox 2761 4026 2955 4091; x_wconf 88' lang='lat' dir='ltr'><strong>gene-</strong></span> 
     </span>
     <span class='ocr_line' id='line_1_32' title="bbox 853 4103 2954 4194; baseline 0.002 -26"><span class='ocrx_word' id='word_1_228' title='bbox 853 4103 1057 4169; x_wconf 83' lang='lat' dir='ltr'><strong>ralem</strong></span> <span class='ocrx_word' id='word_1_229' title='bbox 1114 4104 1458 4169; x_wconf 86' lang='lat' dir='ltr'><strong>interdicti</strong></span> <span class='ocrx_word' id='word_1_230' title='bbox 1524 4106 1922 4171; x_wconf 89' lang='lat' dir='ltr'><strong>sententiam</strong></span> <span class='ocrx_word' id='word_1_231' title='bbox 1988 4106 2198 4172; x_wconf 90' lang='lat' dir='ltr'><strong>totius</strong></span> <span class='ocrx_word' id='word_1_232' title='bbox 2248 4106 2513 4194; x_wconf 75' lang='lat' dir='ltr'><strong>Angliae</strong></span> <span class='ocrx_word' id='word_1_233' title='bbox 2574 4110 2644 4173; x_wconf 90' lang='lat' dir='ltr'><strong>et</strong></span> <span class='ocrx_word' id='word_1_234' title='bbox 2694 4106 2954 4173; x_wconf 78' lang='lat' dir='ltr'><strong>Waniae</strong></span> 
     </span>
     <span class='ocr_line' id='line_1_33' title="bbox 857 4205 2955 4294; baseline 0.001 -21"><span class='ocrx_word' id='word_1_235' title='bbox 857 4205 1361 4293; x_wconf 85' lang='lat' dir='ltr'><strong>proclamabant.</strong></span> <span class='ocrx_word' id='word_1_236' title='bbox 1425 4206 1538 4273; x_wconf 86' lang='lat' dir='ltr'><strong>Ita</strong></span> <span class='ocrx_word' id='word_1_237' title='bbox 1581 4208 1848 4294; x_wconf 89' lang='lat' dir='ltr'><strong>quidem</strong></span> <span class='ocrx_word' id='word_1_238' title='bbox 1891 4213 1972 4274; x_wconf 91' lang='lat' dir='ltr'><strong>ut</strong></span> <span class='ocrx_word' id='word_1_239' title='bbox 2016 4209 2189 4275; x_wconf 87' lang='lat' dir='ltr'><strong>ostia</strong></span> <span class='ocrx_word' id='word_1_240' title='bbox 2230 4210 2651 4276; x_wconf 86' lang='lat' dir='ltr'><strong>ecclesiarum</strong></span> <span class='ocrx_word' id='word_1_241' title='bbox 2694 4210 2955 4277; x_wconf 88' lang='lat' dir='ltr'><strong>claude-</strong></span> 
     </span>
     <span class='ocr_line' id='line_1_34' title="bbox 852 4309 2956 4401; baseline 0.002 -28"><span class='ocrx_word' id='word_1_242' title='bbox 852 4314 1102 4386; x_wconf 89' lang='lat' dir='ltr'><strong>rentur,</strong></span> <span class='ocrx_word' id='word_1_243' title='bbox 1132 4310 1482 4374; x_wconf 86' lang='lat' dir='ltr'><strong>missarum</strong></span> <span class='ocrx_word' id='word_1_244' title='bbox 1513 4309 1808 4374; x_wconf 86' lang='lat' dir='ltr'><strong>solennia</strong></span> <span class='ocrx_word' id='word_1_245' title='bbox 1838 4311 2454 4392; x_wconf 84' lang='lat' dir='ltr'><strong>intermitterentur,</strong></span> <span class='ocrx_word' id='word_1_246' title='bbox 2484 4318 2554 4379; x_wconf 89' lang='lat' dir='ltr'><strong>et</strong></span> <span class='ocrx_word' id='word_1_247' title='bbox 2598 4314 2956 4401; x_wconf 85' lang='lat' dir='ltr'><strong>sepulturae</strong></span> 
     </span>
     <span class='ocr_line' id='line_1_35' title="bbox 855 4410 2958 4501; baseline 0.003 -26"><span class='ocrx_word' id='word_1_248' title='bbox 855 4412 1030 4475; x_wconf 81' lang='lat' dir='ltr'><strong>infra</strong></span> <span class='ocrx_word' id='word_1_249' title='bbox 1058 4410 1382 4476; x_wconf 85' lang='lat' dir='ltr'><strong>cimiteria</strong></span> <span class='ocrx_word' id='word_1_250' title='bbox 1407 4411 1933 4498; x_wconf 89' lang='lat' dir='ltr'><strong>prohiberentur.</strong></span> <span class='ocrx_word' id='word_1_251' title='bbox 1994 4414 2435 4481; x_wconf 85' lang='lat' dir='ltr'><strong>Interdictum</strong></span> <span class='ocrx_word' id='word_1_252' title='bbox 2464 4422 2687 4481; x_wconf 87' lang='lat' dir='ltr'><strong>autem</strong></span> <span class='ocrx_word' id='word_1_253' title='bbox 2729 4416 2845 4501; x_wconf 89' lang='lat' dir='ltr'><strong>huj</strong></span> <span class='ocrx_word' id='word_1_254' title='bbox 2852 4439 2958 4481; x_wconf 87' lang='lat' dir='ltr'><strong>us·</strong></span> 
     </span>
    </p>
   </div>
   <div class='ocr_carea' id='block_1_3' title="bbox 857 4512 2957 4604">
    <p class='ocr_par' dir='ltr' id='par_1_3' title="bbox 857 4512 2957 4604">
     <span class='ocr_line' id='line_1_36' title="bbox 857 4512 2957 4604; baseline 0.004 -26"><span class='ocrx_word' id='word_1_255' title='bbox 857 4512 1038 4579; x_wconf 90' lang='lat' dir='ltr'><strong>modi</strong></span> <span class='ocrx_word' id='word_1_256' title='bbox 1097 4532 1347 4577; x_wconf 88' lang='lat' dir='ltr'><strong>novum</strong></span> <span class='ocrx_word' id='word_1_257' title='bbox 1412 4517 1482 4579; x_wconf 92' lang='lat' dir='ltr'><strong>et</strong></span> <span class='ocrx_word' id='word_1_258' title='bbox 1544 4514 1924 4580; x_wconf 83' lang='lat' dir='ltr'><strong>inauditum</strong></span> <span class='ocrx_word' id='word_1_259' title='bbox 1983 4517 2057 4581; x_wconf 92' lang='lat' dir='ltr'><strong>in</strong></span> <span class='ocrx_word' id='word_1_260' title='bbox 2100 4516 2346 4604; x_wconf 85' lang='lat' dir='ltr'><strong>Anglia</strong></span> <span class='ocrx_word' id='word_1_261' title='bbox 2404 4517 2537 4583; x_wconf 87' lang='lat' dir='ltr'><strong>fuit</strong></span> <span class='ocrx_word' id='word_1_262' title='bbox 2599 4523 2755 4585; x_wconf 89' lang='lat' dir='ltr'><strong>ante</strong></span> <span class='ocrx_word' id='word_1_263' title='bbox 2812 4518 2957 4587; x_wconf 81' lang='lat' dir='ltr'><strong>haee</strong></span> 
     </span>
    </p>
   </div>
   <div class='ocr_carea' id='block_1_4' title="bbox 2457 4692 2875 4699">
    <p class='ocr_par' dir='ltr' id='par_1_4' title="bbox 2457 4692 2875 4699">
     <span class='ocr_line' id='line_1_37' title="bbox 2457 4692 2875 4699; baseline 0 1035"><span class='ocrx_word' id='word_1_264' title='bbox 2457 4692 2875 4699; x_wconf 95' lang='lat' dir='ltr'><strong> </strong></span> 
     </span>
    </p>
   </div>
   <div class='ocr_carea' id='block_1_5' title="bbox 2883 4692 2947 4700">
    <p class='ocr_par' dir='ltr' id='par_1_5' title="bbox 2883 4692 2947 4700">
     <span class='ocr_line' id='line_1_38' title="bbox 2883 4692 2947 4700; baseline 0.016 -1"><span class='ocrx_word' id='word_1_265' title='bbox 2883 4692 2947 4700; x_wconf 58' lang='grc'><strong>.-</strong></span> 
     </span>
    </p>
   </div>
   <div class='ocr_carea' id='block_1_6' title="bbox 1405 4782 2409 4847">
    <p class='ocr_par' dir='ltr' id='par_1_6' title="bbox 1405 4782 2409 4847">
     <span class='ocr_line' id='line_1_39' title="bbox 1405 4782 2409 4847; baseline 0.001 -12"><span class='ocrx_word' id='word_1_266' title='bbox 1405 4784 1416 4813; x_wconf 92' lang='lat'>¹</span> <span class='ocrx_word' id='word_1_267' title='bbox 1455 4782 1604 4835; x_wconf 79' lang='lat' dir='ltr'><strong>Aster</strong></span> <span class='ocrx_word' id='word_1_268' title='bbox 1621 4782 1832 4847; x_wconf 72' lang='lat' dir='ltr'><strong>flectere</strong></span> <span class='ocrx_word' id='word_1_269' title='bbox 1855 4800 1957 4835; x_wconf 90' lang='lat' dir='ltr'><strong>non</strong></span> <span class='ocrx_word' id='word_1_270' title='bbox 1980 4785 2199 4837; x_wconf 78' lang='lat' dir='ltr'><strong>inserted</strong></span> <span class='ocrx_word' id='word_1_271' title='bbox 2220 4786 2273 4836; x_wconf 89' lang='lat' dir='ltr'><strong>in</strong></span> <span class='ocrx_word' id='word_1_272' title='bbox 2296 4786 2409 4839; x_wconf 82' lang='lat' dir='ltr'><strong>MS.</strong></span> 
     </span>
    </p>
   </div>
   <div class='ocr_carea' id='block_1_7' title="bbox 3462 3834 3465 4469">
    <p class='ocr_par' dir='ltr' id='par_1_7' title="bbox 3462 3834 3465 4469">
     <span class='ocr_line' id='line_1_40' title="bbox 3462 3834 3465 4469; baseline 0 0"><span class='ocrx_word' id='word_1_273' title='bbox 3462 3834 3465 4469; x_wconf 95' lang='lat' dir='ltr'><strong> </strong></span> 
     </span>
    </p>
   </div>
  </div>
 </body>
</html>
