3519 5734
815 826 943 887 232
1412 840 1689 887 monas
1733 839 1951 888 ABBAs
1995 840 2299 889 ‘rum-ms.

479 1019 772 1070 A-D-1182
810 1034 1126 1092 uxorem3
1173 1013 1357 1097 cujus
1402 1013 1448 1077 J
1453 1012 1728 1079 ohannae
1789 1018 2017 1093 mater,
2065 1014 2339 1079 Beatrix
2382 1013 2689 1093 nomine,¹
2736 1035 2905 1079 uxor

475 1092 538 1135 ‘¹
552 1092 658 1137 ¹⁹⁷·
809 1114 1068 1199 praefati
1116 1114 1478 1191 Willielmi,
1515 1114 1657 1199 jam
1702 1114 1923 1196 vidua,
1970 1138 2086 1201 per
2146 1116 2487 1181 eonsilium
2532 1116 2904 1203 principum

811 1217 1016 1303 regni,
1062 1218 1177 1302 qui
1237 1238 1464 1282 omnes
1521 1217 1658 1282 fere
1719 1217 2010 1283 Roberto
2070 1218 2405 1299 favebant,
2448 1225 2695 1284 terram
2753 1240 2903 1283 nos-

811 1324 986 1384 tram
1031 1319 1104 1383 in
1121 1318 1148 1355 ²
1194 1318 1586 1384 Wharroma
1628 1319 1828 1405 petiit
1868 1320 1943 1383 in
1988 1320 2227 1398 dotem,
2261 1342 2379 1405 pro
2425 1342 2555 1405 qua
2598 1320 2855 1407 pridem
2876 1319 2903 1356 ⁸

809 1422 1110 1508 plurimis
1156 1423 1460 1507 expensis
1506 1428 1576 1486 et
1618 1422 1954 1487 laboribus
1999 1422 2265 1509 fatigati
2308 1423 2652 1487 fueramus.
2744 1422 2903 1487 Post

805 1524 1049 1589 multos
1094 1546 1246 1610 ergo
1307 1523 1562 1588 labores
1621 1528 1692 1588 et
1753 1522 2141 1610 angustias,⁴
2185 1530 2266 1590 ut
2311 1524 2585 1590 Beatrix
2628 1526 2770 1610 ipsa
2791 1524 2817 1559 ⁶
2862 1548 2903 1588 a

805 1626 1128 1712 petitione
1196 1648 1316 1691 sua
1379 1625 1745 1703 desisteret,
1792 1626 1973 1715 pacti
2033 1648 2257 1691 sumus
2316 1626 2378 1691 ei
2430 1627 2651 1691 decem
2697 1626 2901 1691 libras

803 1728 1076 1792 reddere
1121 1728 1492 1807 annuatim,
1539 1728 1746 1793 donec
1793 1728 1854 1793 ei
1899 1729 1981 1793 de
2026 1728 2182 1793 dote
2226 1728 2624 1793 sufficienter
2682 1730 2903 1814 provi-

803 1830 1086 1895 deretur.
1207 1830 1444 1895 Postea
1515 1835 1757 1907 tamen,
1834 1852 1952 1915 pro
2027 1830 2185 1915 ipsis
2258 1852 2323 1895 x.
2391 1830 2579 1896 libris
2640 1831 2897 1908 annuis,

803 1932 1048 2017 recepit
1122 1932 1367 1996 ibidem
1440 1954 1641 1996 unam
1709 1933 2036 1997 culturam
2103 1936 2416 2010 nostram,
2486 1954 2635 2017 quae
2702 1933 2899 2018 longo

801 2040 1096 2121 tempore
1164 2039 1478 2120 sequente
1541 2056 1583 2097 a
1636 2034 2035 2099 monasterio
2094 2033 2225 2099 fuit
2284 2035 2585 2100 alienata.
2676 2035 2745 2099 N
2746 2036 2897 2099 ihil-

801 2136 1060 2201 ominus
1121 2141 1348 2200 tamen
1410 2136 1767 2222 praediotus
1842 2136 2168 2200 Robertus
2244 2157 2469 2200 omnes
2542 2140 2753 2200 terras
2816 2137 2897 2202 de

807 2228 1196 2303 Wharroma
1240 2238 1528 2324 petebat,
1576 2244 1654 2302 ut
1707 2238 1787 2302 de
1823 2238 1977 2323 jure
2034 2237 2433 2303 hereditario
2477 2238 2701 2303 uxoris
2743 2260 2895 2304 suae.

801 2340 928 2408 Cui
975 2363 1121 2407 cum
1165 2362 1286 2406 nos
1329 2341 1630 2406 resistere
1690 2340 1912 2405 minus
1971 2340 2367 2406 sufficientes
2411 2340 2777 2420 fuissemus,
2823 2342 2898 2404 in

797 2445 1120 2531 petitione
1164 2466 1284 2508 sua
1325 2442 1748 2529 praevalebat.
1843 2442 2058 2529 Capta
2116 2446 2217 2507 est
2275 2464 2429 2527 ergo
2486 2443 2762 2530 grangia
2814 2444 2895 2507 de

800 2546 1192 2611 Wharroma
1253 2567 1405 2610 cum
1465 2545 1773 2610 omnibus
1834 2544 2253 2630 pertinentiis
2296 2546 2448 2621 suis,
2493 2566 2626 2609 non
2670 2551 2895 2609 tamen

798 2670 948 2715 cum
983 2647 1255 2732 judicio,
1300 2648 1374 2710 in
1435 2668 1704 2711 manum
1766 2646 1940 2731 regis
1999 2665 2116 2732 per
2160 2644 2540 2710 Hubertum
2603 2646 2894 2711 Cantua—

797 2751 1078 2814 riensem
1143 2748 1722 2833 archiepiscopum,
1794 2746 2153 2812 secundum
2218 2769 2259 2809 a
2332 2768 2502 2833 rege,
2576 2757 2647 2812 et
2719 2748 2894 2835 regis

786 2851 1249 2936 justitiarium,
1301 2853 1463 2914 tuno
1507 2849 1580 2914 in
1627 2849 1935 2915 omnibus
1977 2849 2302 2915 fautorem
2349 2849 2626 2917 Roberti
2668 2873 2893 2938 supra-

793 2952 970 3018 dicti.
2718 2971 2725 2981 ·

800 3260 959 3328 VII.
1007 3262 1110 3328 De
1141 3261 1430 3328 cessione
1461 3260 1720 3328 abbatis
1744 3259 2009 3327 Thomoe
2032 3286 2061 3340 ,·
2093 3261 2173 3326 de
2192 3261 2469 3327 eeclesiae
2485 3260 2891 3348 incsptionoe

979 3363 1060 3429 de
1103 3365 1401 3430 summis
1439 3363 1889 3450 pontificibus
1910 3388 1938 3442 ,·
1986 3363 2063 3428 de
2108 3361 2418 3448 captione
2462 3363 2511 3428 Ι
2508 3363 2892 3448 erosolymae

981 3473 1041 3530 et
1084 3473 1332 3530 sancte&
1377 3466 1603 3532 crucis
1622 3489 1649 3544 ;
1699 3465 1783 3530 de
1832 3464 2020 3530 obitu
2059 3464 2237 3550 reglis
2276 3466 2352 3530 H
2351 3465 2571 3531 enrici
2616 3473 2678 3532 et
2722 3465 2895 3532 aliie

971 3567 1422 3634 &noidentiisfl

461 3737 716 3814 ,Eupo-ver·
886 3725 911 3762 ⁷
941 3725 1209 3792 Interea
1259 3732 1504 3807 autem,
1553 3728 1740 3814 quasi
1786 3728 1976 3814 gravi
2018 3733 2410 3813 tempestate
2453 3729 2659 3793 eoacti
2677 3728 2702 3765 ⁸
2745 3751 2893 3816 gra-

455 3803 688 3921 {ffimcssffi
701 3805 763 3858 of
795 3829 1099 3915 viterque
1155 3829 1438 3908 arcta-ti?
1493 3853 1692 3917 supra
1751 3831 2021 3894 modum
2072 3851 2299 3894 sumus
2344 3831 2695 3907 attenuati,
2743 3835 2890 3896 tum

459 3944 592 3987 vent.

865 4071 877 4101 ¹
917 4037 1152 4120 Beatrix·
1175 4068 1387 4132 nomine]
1425 4067 1696 4118 interlined
1740 4068 1795 4116 in
1891 4067 2165 4117 variations
2208 4069 2383 4127 above,
2426 4067 2486 4117 P.
2554 4069 2650 4119 See
2692 4085 2739 4134 p.
2774 4073 2887 4130 231,

793 4150 853 4201 P.
1883 4155 2000 4198 note
2022 4153 2069 4198 3.

861 4229 884 4259 ²
913 4237 1124 4278 nostram
1151 4228 1226 4293 in]
1267 4229 1344 4288 de,
1369 4227 1428 4276 P.
1547 4285 1552 4290 .
1952 4229 1969 4256 ⁷
2007 4226 2135 4276 This
2173 4242 2395 4292 passage,
2434 4227 2564 4277 from
2602 4227 2795 4279 Interea
2834 4235 2887 4279 to

860 4309 880 4337 ⁸
905 4307 1124 4372 pridem]
1157 4307 1266 4370 Jam
1289 4313 1422 4366 ante,
1443 4306 1502 4357 P.
1894 4304 2152 4371 afferebat,
2176 4309 2219 4356 is
2242 4307 2417 4369 placed
2437 4306 2492 4356 in
2514 4307 2733 4372 Chapter
2744 4309 2811 4359 V.
2830 4310 2885 4358 in

861 4387 882 4416 ⁴
914 4388 1068 4436 Aster
1098 4387 1354 4451 anqustias
1406 4387 1577 4445 insert,
1617 4386 1797 4451 quibus
1884 4386 1944 4435 P.
2015 4385 2109 4436 See
2130 4402 2179 4449 p.
2205 4391 2318 4447 228,
2340 4393 2459 4436 note
2482 4392 2529 4438 5.

793 4481 882 4530 per
913 4465 1076 4529 ipsam
1107 4465 1216 4528 jam
1250 4466 1415 4514 denuo
1453 4465 1807 4536 anxiebamuq
1950 4467 1971 4494 ⁸
2002 4466 2185 4531 coacti]
2224 4465 2341 4526 acti,
2363 4467 2422 4517 P.

792 4545 851 4596 P.
1950 4548 1970 4575 ⁹
2004 4545 2211 4609 arctati]
2284 4545 2444 4605 artati,
2500 4546 2585 4596 the
2652 4553 2883 4598 constant

860 4627 880 4656 ⁸
912 4624 1127 4673 Beatrix
1149 4623 1290 4688 ipsa]
1330 4623 1554 4688 wanting
1575 4623 1628 4672 in
1651 4624 1710 4674 P.
1882 4625 2014 4674 form
2038 4625 2097 4673 of
2112 4625 2332 4689 spelling
2352 4625 2406 4674 in
2426 4626 2551 4676 both
2572 4625 2725 4679 MSS.

859 4708 880 4735 ⁸
911 4704 1174 4768 Wanting,
1230 4704 1330 4754 and
1397 4703 1616 4754 inserted
1670 4703 1796 4754 with
