3519 5734
1205 896 1484 944 Tnoms
1527 894 1746 944 ABBAS
1783 894 2088 944 TERTIUS.
2149 901 2156 908 ·
2568 880 2699 944 259

267 1075 535 1140 nomnen,
599 1070 675 1135 in
719 1071 986 1137 castello
1017 1070 1099 1135 de
1145 1071 1487 1140 Buffevett
1507 1069 1527 1108 ¹
1564 1070 2084 1157 deprehenderet
2115 1070 2435 1148 extitisse,
2478 1070 2699 1157 ipsum
2724 1072 2861 1123 Λᾶ).
2893 1080 3041 1133 1191.

264 1157 313 1206 Ρ·
341 1148 450 1193 ⁶⁹¹⁸
600 1172 942 1239 castellum
1016 1174 1313 1259 undique
1389 1173 1696 1239 obsidens
1759 1174 1823 1239 ei
1892 1174 2227 1239 machinas
2301 1173 2699 1259 porrigebat.

599 1275 780 1361 Rege
825 1282 1049 1342 autem
1095 1276 1376 1341 Ricardo
1424 1277 1711 1362 quadam
1772 1278 1879 1343 die
1940 1277 2281 1345 castellum
2346 1275 2697 1351 assiliente‚

599 1398 750 1443 cum
793 1378 1060 1443 Isakius
1103 1379 1180 1443 in
1221 1398 1450 1443 mensa
1490 1378 1824 1460 resideret,
1872 1378 2177 1445 Statinus
2223 1378 2496 1465 quidam
2540 1398 2699 1443 suus

598 1478 948 1545 familiaris
993 1502 1144 1545 eum
1203 1480 1678 1569 alloquebatur,
1727 1482 2069 1547 consulens
2114 1481 2293 1567 quod
2350 1500 2500 1546 cum
2544 1500 2697 1564 rege

599 1579 884 1647 Ricardo
955 1604 1182 1669 pacem
1256 1583 1426 1647 inire
1501 1582 1785 1651 deberet.
1907 1584 2019 1649 Ad
2091 1584 2277 1670 cujus
2349 1582 2693 1649 consilium
2719 1588 2817 1638 His
2833 1598 2997 1642 towns

601 1682 865 1749 Isakius
923 1684 996 1749 in
1053 1686 1156 1749 ira
1221 1692 1616 1771 provocatus
1676 1686 2036 1764 cultellum,
2080 1708 2275 1771 quem
2321 1691 2483 1751 tunc
2526 1684 2695 1749 forte
2719 1656 2989 1775 ξέωῗῖἑ,

599 1784 675 1849 in
736 1808 942 1851 manu
1009 1787 1298 1865 tenebat,
1368 1788 1441 1851 in
1509 1809 1661 1852 eum
1714 1788 1899 1872 jecit,
1946 1793 2015 1854 et
2083 1789 2396 1874 majorem
2438 1792 2696 1875 partem
2720 1788 2909 1869 livered
2930 1808 3001 1856 1¹1>

598 1888 744 1951 nasi
788 1889 994 1974 ipsius
1024 1889 1352 1954 violenter
1393 1889 1746 1955 auferebat.
1839 1890 1904 1954 A
1934 1891 2118 1975 cujus
2164 1912 2316 1976 ergo
2348 1894 2698 1975 conspectu
2720 1856 3048 1991 ssgffissffffl·

599 1988 906 2055 Statinus
949 1990 1211 2077 fugiens
1254 2013 1474 2077 regem
1506 1991 1865 2057 Ricardum
1909 1992 2101 2070 adiit;
2126 1999 2196 2057 et
2225 1994 2287 2057 ei
2316 1992 2695 2077 homagium
2722 2002 2835 2039 nus.

598 2113 791 2157 suum
834 2092 1078 2157 faciens
1122 2093 1442 2171 civita-tea
1474 2094 1670 2159 villas
1703 2098 1784 2171 et
1828 2094 2107 2170 castella,
2157 2116 2437 2179 quorum
2484 2098 2701 2158 custo-

265 2204 370 2254 Ben
599 2192 776 2258 diam
808 2193 1061 2274 habuit,
1095 2196 1339 2282 absque
1368 2196 1668 2261 ulteriori
1697 2197 1921 2262 labore
1951 2195 2341 2261 conferebat.
2434 2194 2699 2260 Isakius

267 2271 454 2401 gagg:
601 2316 755 2382 ergo
783 2296 942 2361 inde
987 2298 1154 2363 clam
1200 2298 1548 2384 aufugiens
1593 2299 1666 2363 in
1711 2298 1984 2364 abbatia
2014 2298 2301 2383 quadam
2333 2318 2481 2382 quae
2515 2296 2700 2382 Oapa

267 2403 320 2453 J.
347 2404 574 2469 Brompt.
602 2397 830 2463 Sancti
877 2398 1166 2465 Andreae
1237 2400 1480 2466 dicitur
1523 2422 1591 2466 se
1639 2400 2004 2465 abscondit.
2119 2399 2314 2479 Quod
2374 2398 2697 2463 Ricardus

265 2470 532 2601 {⁵1⁰3}ssssss
601 2500 956 2566 advertens
1000 2500 1152 2566 eum
1197 2502 1356 2566 illuc
1419 2502 1949 2588 persequebatur.
2064 2501 2191 2567 Cui
2260 2499 2528 2565 Isakius
2595 2520 2699 2564 oc·
2724 2504 2807 2553 He
2828 2506 2948 2555 sub-

269 2618 314 2665 Ρ.
341 2608 450 2655 692.
601 2622 867 2666 currens
930 2602 1017 2666 ad
1081 2604 1276 2689 pedes
1345 2604 1487 2688 ejus
1549 2625 1618 2667 se
1681 2596 1975 2689 projecit,
2044 2624 2285 2688 rogans
2334 2602 2563 2667 'vitam
2632 2604 2701 2665 et
2724 2570 2967 2689 ’ἓξὲἰζζᾱ

600 2704 899 2768 membra
942 2705 1005 2769 ei
1049 2705 1463 2769 concedenda
1508 2711 1577 2769 et
1621 2727 1773 2770 eum
1816 2706 1891 2768 in
1934 2704 2219 2769 vinculis
2274 2704 2505 2769 ferreis
2564 2723 2701 2767 non

603 2804 813 2892 ligari.
933 2806 1257 2872 Ann‘uens
1325 2812 1550 2872 autem
1613 2807 1935 2873 Ricardus
2004 2830 2155 2873 eum
2221 2808 2295 2872 in
2358 2804 2700 2894 compedes

602 2917 944 2993 argenteos
989 2913 1058 2973 et
1101 2909 1392 2974 manicas
1436 2931 1667 2974 aureas
1727 2911 2022 2995 conjecit,
2070 2915 2140 2976 et
2185 2932 2335 2975 eum
2379 2909 2573 2974 uxori
2632 2912 2703 2972 et

603 3009 810 3074 sorori
875 3033 1010 3076 suae
1085 3012 1586 3077 custodiendum
1663 3013 2138 3078 committebat..
2258 3012 2326 3076 Ν
2330 3033 2402 3076 ec
2475 3015 2701 3076 tamen

605 3110 870 3176 Isakius
901 3113 981 3178 de
1012 3135 1132 3178 sua
1161 3115 1611 3200 redemptione
1642 3115 2045 3180 mentionem
2075 3114 2365 3200 aliquam
2395 3113 2700 3179 faciebat·

603 3213 922 3280 Ricardus
973 3217 1178 3282 etiam
1224 3221 1444 3282 totum
1492 3217 1767 3304 Ciprum
1810 3218 2088 3304 praefato
2136 3216 2403 3282 Statino
2450 3220 2520 3281 et
2564 3217 2701 3302 ejus
2726 3228 2953 3280 Richard

600 3316 948 3382 heredibus
994 3319 1420 3397 attribuebat,
1470 3325 1550 3383 ut
1609 3341 1883 3405 regnum
1946 3341 2141 3385 suum
2204 3319 2285 3385 de
2347 3319 2490 3404 ipso
2548 3339 2702 3403 rege
2724 3297 3043 3426 3353?ssoe

605 3417 886 3484 Ricardo
953 3425 1022 3485 et
1083 3421 1351 3508 regibus
1413 3421 1677 3507 Angliae
1723 3423 1839 3506 qui
1906 3443 2028 3508 pro
2092 3439 2388 3507 tempore
2454 3419 2703 3484 fuerint
2729 3428 2972 3480 statinus.

603 3541 719 3605 per
762 3521 1109 3587 servitium
1177 3524 1477 3588 debitum
1546 3523 1891 3589 detineret.
2007 3524 2356 3610 Magnates
2418 3544 2575 3610 ergo
2636 3525 2705 3589 et

463 3641 474 3650 ·
606 3641 980 3687 communes
1012 3623 1196 3710 Cipri
1230 3626 1504 3690 servitia
1548 3625 1779 3691 debita
1808 3625 2022 3691 eidem
2053 3625 2320 3690 Statino
2349 3623 2702 3691 faciebant.

604 3723 870 3788 Abhinc
933 3731 1158 3790 autem
1225 3749 1408 3814 reges
1474 3728 1661 3812 inri
1723 3727 1885 3792 facti
1946 3734 2105 3792 sunt
2167 3728 2559 3814 homagiarii
2637 3737 2706 3794 et

606 3826 947 3890 tributarii
1012 3829 1277 3915 regibus
1344 3829 1609 3916 Angliae
1677 3853 1886 3916 usque
1951 3831 2025 3895 in
2086 3831 2498 3897 hodiernum.
2614 3831 2706 3896 Et

606 3927 765 4013 quia
807 3927 1124 4014 praefatus
1171 3930 1478 3996 Statinus
1521 3953 1642 3996 rex
1689 3931 2039 4019 Cipi-orum
2086 3933 2464 4020 praescripto
2508 3933 2705 3998 modo

604 4031 678 4094 in
721 4052 880 4095 naso
925 4030 1142 4097 fuerat
1186 4033 1554 4111 mutilat-ue„
1603 4034 1908 4100 Statinus
1953 4040 2222 4100 nasatus
2252 4035 2325 4099 in
2370 4040 2706 4121 posterum

605 4134 722 4198 sed
762 4136 1090 4201 contrarie
1132 4135 1353 4201 fuerat
1399 4145 1835 4224 nuncupatus.

1265 4445 1287 4477 ¹
1315 4443 1592 4510 Buffevett]
1617 4443 1736 4496 read
1756 4443 2043 4497 Buflavent.

2302 4867 2436 4928 122
