3519 5734
779 820 909 885 192
1300 830 1672 882 anrrus
1716 830 1933 881 Amnis
1978 830 2356 881 sscmtnus,

433 1010 722 1067 A.D.1161
769 1012 948 1085 runt,
1003 1008 1621 1073 excommunicavit.
1730 1006 1879 1072 Rex
1942 1010 2169 1071 autem
2236 1004 2454 1070 illico¹
2504 1006 2593 1070 ad
2634 1026 2875 1092 papam

429 1082 614 1131 '¹¹⁷⁰‘
768 1108 1226 1175 Alexandrum
1301 1111 1579 1175 nuntios
1671 1109 2050 1174 destinavit.
2172 1110 2270 1174 At
2342 1131 2379 1173 e
2446 1112 2677 1173 contra
2748 1128 2873 1173 rex

769 1210 1174 1278 Francorum
1241 1213 1516 1278 nuntios
1560 1211 1724 1277 alios
1766 1210 1852 1277 ad
1898 1232 2138 1298 papam
2204 1232 2325 1297 pro
2393 1210 2871 1296 archiepiscopo

429 1308 731 1424 Efndeavqur
767 1316 1284 1380 transmittebat.
1361 1315 1776 1403 Angariatus
1820 1314 2029 1400 igitur
2057 1333 2229 1400 papa
2255 1313 2515 1377 nuntiis
2544 1317 2873 1377 utrorum—

429 1392 491 1491 gf
505 1378 706 1499 {912ss}
707 1398 744 1447 g
767 1437 913 1501 que,
961 1424 1272 1483 neutrum
1319 1416 1645 1482 offendere
1689 1416 1937 1496 volens,
1998 1416 2179 1480 inter
2239 1436 2459 1503 regem
2526 1419 2596 1479 et
2658 1414 2870 1479 archi-

429 1518 482 1559 to
505 1514 741 1566 mediate.
763 1520 1109 1605 praesulem
1157 1542 1384 1607 pacem
1429 1519 1695 1585 studuit
1737 1516 2110 1598 reformare,
2157 1518 2429 1605 regique
2459 1516 2863 1583 Francorum

763 1623 1156 1689 remandans
1201 1629 1271 1689 et
1314 1644 1554 1709 rogans
1600 1626 1677 1686 ut
1721 1622 2149 1687 mediatorem
2188 1621 2367 1707 pacis
2408 1620 2483 1683 in
2526 1618 2649 1685 hac
2675 1624 2866 1706 parte

761 1746 832 1790 se
861 1726 1217 1793 exhiberet.
1309 1733 1481 1789 Unde
1508 1740 1568 1790 et
1591 1734 1666 1789 ad
1691 1732 1973 1805 pleraque
1996 1730 2290 1803 colloquia
2324 1750 2455 1803 quae
2490 1730 2645 1785 inter
2666 1732 2863 1802 ipsum
2890 1727 3151 1790 Quadran-

764 1842 824 1892 et
857 1854 1061 1907 regem
1097 1837 1334 1908 Angliae
1375 1841 1542 1891 erant
1580 1876 1593 1889 .
1640 1876 1653 1888 .
1697 1875 1712 1890 .
1753 1850 1817 1889 se
1852 1830 2236 1887 mediatorem
2270 1833 2434 1903 pacis
2494 1844 2613 1909 pro
2657 1822 2865 1889 archi-
2887 1810 2998 1859 μ’
3018 1811 3067 1861 ¹³·
3092 1802 3173 1849 9⁵.

427 1920 657 1975 Becket’ss
763 1929 1064 2016 episcopo
1109 1936 1535 2009 interponebat.
1589 1934 1758 1989 Inter
1796 1950 1927 2004 quae
1962 1950 2147 1987 unum
2183 1932 2541 2004 colloquium
2564 1934 2696 1999 fuit,
2728 1976 2742 1988 .
2787 1974 2800 1990 .
2844 1974 2857 1989 .

425 1992 698 2107 33:313&
761 2028 876 2095 ubi
921 2040 996 2095 ad
1048 2039 1229 2112 pedes
1283 2038 1444 2109 regis
1499 2035 1734 2109 Angliae
1779 2025 2063 2112 procidit
2107 2035 2598 2107 archiepiscopus,
2638 2036 2857 2103 dicens,

423 2123 738 2175 submiwion·
767 2134 805 2159 ‘⁸
844 2132 1092 2187 Domine
1127 2150 1249 2196 rex,
1289 2136 1474 2187 totam
1511 2146 1748 2186 causam
1784 2128 1937 2182 unde
1974 2127 2128 2183 inter
2150 2145 2255 2183 nos
2280 2134 2411 2185 orta
2446 2136 2538 2185 est
2572 2128 2863 2186 dissensio

423 2213 670 2291 Indigna-
763 2219 798 2243 “
833 2222 936 2271 tuo
974 2217 1278 2271 committo
1314 2214 1580 2278 arbitrio,
1623 2212 1787 2268 salvo
1838 2212 2054 2267 honore
2087 2210 2266 2267 Dei.”
2353 2213 2482 2268 'I'ali
2534 2214 2858 2285 adjectione

423 2286 532 2328 ‘¹⁰¹¹
556 2282 618 2331 Οἳ
689 2336 698 2347 ·
761 2300 978 2365 audita,
1053 2318 1158 2355 rex
1237 2298 1664 2355 scandalizatus
1737 2302 1831 2352 est
1899 2295 2292 2351 vehementer.
2404 2296 2859 2353 Insurrexerunt
2881 2301 3008 2354 rbid.
3026 2318 3075 2369 p.
3095 2310 3175 2357 96.

421 2347 542 2397 both
565 2347 730 2415 kings.
759 2406 915 2471 ergo
957 2406 1077 2451 rex
1119 2392 1399 2470 uterque
1445 2381 1711 2469 Angliae
1757 2385 1828 2445 et
1873 2380 2170 2445 Franciae
2216 2385 2286 2445 et
2330 2396 2635 2461 magnates
2684 2390 2855 2463 regni

757 2488 1068 2559 utriusque
1129 2488 1192 2542 in
1251 2484 1775 2556 archiepiscopum,
1835 2482 2194 2555 imputantes
2254 2482 2604 2554 arrogantioe
2663 2482 2853 2555 ipsius

755 2578 1241 2650 impedimentum
1275 2578 1460 2651 pacis,
1510 2568 1701 2655 quasi
1745 2568 1925 2653 quod
1969 2566 2101 2633 sibi
2146 2567 2576 2655 displicuerat
2618 2568 2855 2634 honori

756 2670 883 2736 Dei
933 2673 1340 2738 contrarium
1370 2672 1748 2751 videretur;
1794 2670 2188 2755 quibusdam
2218 2670 2657 2736 clamantibus
2686 2670 2851 2757 ejec-

752 2780 898 2837 tum
944 2796 1030 2840 ex
1074 2774 1324 2861 Anglia
1369 2774 1442 2837 in
1490 2774 1769 2838 Francia
1812 2771 2015 2860 recipi
2060 2794 2196 2837 non
2241 2772 2479 2839 deberi.
2574 2774 2657 2838 In
2701 2778 2851 2839 tan·

751 2881 897 2940 tum
943 2877 1118 2941 enim
1161 2877 1680 2964 archiepiscopus
1724 2880 1868 2940 erat
1912 2880 2356 2962 exasperatus,
2388 2883 2468 2941 ut
2511 2899 2632 2942 rex
2672 2877 2851 2943 inter

750 2977 882 3041 alia
925 2977 1172 3044 diceret
1238 2999 1308 3043 se
1367 2979 1587 3044 ultum
1631 2979 1833 3043 fuisse
1893 2977 2009 3042 illo
2054 2977 2162 3043 die
2208 2978 2291 3044 de
2335 3001 2454 3044 suo
2496 2979 2846 3066 proditore.

415 3089 610 3168 Becket
627 3106 703 3142 re-
749 3079 1295 3168 Archiepiscopus
1340 3085 1566 3146 autem
1609 3103 1652 3146 a
1693 3081 1861 3146 facie
1891 3081 2170 3146 duorum
2201 3103 2431 3170 regum
2478 3082 2636 3148 inde
2689 3105 2847 3168 quo-

415 3158 722 3275 ijffissgss
748 3181 1096 3250 dammodo
1141 3183 1400 3271 fugiens
1445 3184 1530 3249 ad
1573 3187 1793 3270 partes
1860 3183 2269 3272 Burgundiae
2314 3184 2607 3251 decrevit
2652 3185 2847 3251 deeli-

412 3289 541 3355 king
560 3299 612 3341 at
747 3307 922 3352 nare.
1014 3286 1123 3352 Ad
1173 3287 1536 3353 Carnotum
1581 3307 1736 3374 ergo
1803 3292 1874 3351 et
1919 3285 2213 3353 Senones
2255 3287 2525 3354 tandem
2570 3289 2845 3354 veniens

415 3355 668 3408 chartres.
745 3387 833 3451 ad
878 3389 1128 3453 curiam
1172 3389 1348 3476 regis
1395 3389 1693 3454 Franciae
1735 3388 1952 3455 fuerat
1994 3389 2333 3456 invitatus.
2426 3391 2575 3456 Rex
2616 3397 2843 3457 autem
2868 3405 2998 3460 lbid.
3012 3423 3061 3474 p.
3080 3414 3163 3462 98.

750 3489 1062 3570 Franciae,
1111 3513 1186 3556 eo
1232 3491 1394 3572 vise,
1442 3492 1655 3578 primo
1723 3492 1939 3558 tristis
2000 3497 2071 3558 et
2132 3493 2319 3580 quasi
2383 3494 2609 3559 dolens
2668 3493 2845 3582 quod

415 3593 526 3644 The
545 3595 676 3676 king
748 3614 899 3656 eum
918 3603 990 3657 de
1015 3619 1200 3674 regno
1236 3604 1494 3674 ejiceret,
1527 3645 1539 3659 .
1585 3645 1598 3659 .
1643 3646 1657 3659 .
1697 3594 1955 3674 deinde,
1978 3603 2199 3660 obortis
2224 3604 2503 3672 lacrimis,
2530 3606 2843 3678 prosiliens

411 3663 587 3780 ἓξὲξ
604 3664 686 3714 ¹²¹⁸
749 3721 881 3759 cum
945 3703 1213 3775 singultu
1270 3705 1520 3777 projecit
1579 3723 1642 3761 se
1703 3705 1781 3762 ad
1827 3706 2007 3778 pedes
2068 3707 2509 3779 archiepiscopi,
2580 3699 2840 3765 veniam

411 3803 446 3856 f.
473 3811 536 3856 23
555 3806 600 3859 b.
745 3803 980 3883 petens
1025 3798 1201 3884 quod
1245 3797 1306 3863 ei
1351 3798 1534 3884 prius
1577 3819 1965 3885 perversum
2008 3799 2357 3864 consilium
2419 3800 2712 3867 dedisset
2755 3801 2838 3867 de

742 3899 1029 3986 parendo
1096 3901 1237 3986 regi
1301 3900 1579 3986 Angliae,
1643 3901 2012 3988 postposito
2080 3901 2325 3967 honore
2390 3901 2535 3969 Dei.
2626 3904 2841 3970 Erant

743 4001 970 4089 itaque
1003 4001 1306 4090 deinceps
1335 4023 1456 4067 rex
1485 4002 1781 4068 Franciae
1826 4008 1896 4070 et
1936 4003 2456 4092 archiepiscopus
2484 4005 2843 4074 familiares

743 4111 813 4170 et
843 4105 1036 4170 amici
1065 4103 1279 4169 multo
1311 4105 1578 4192 [magis]
1629 4110 1781 4192 post
1825 4127 2025 4191 quam
2054 4106 2253 4194 prius.
2346 4107 2451 4173 Ob
2496 4111 2675 4195 quod
2718 4131 2840 4176 rex

743 4207 1006 4292 Angliae
1050 4207 1264 4271 iratus
1308 4207 1565 4292 scripsit
1627 4207 1768 4294 regi
1838 4206 2131 4275 Franciae
2188 4214 2454 4296 pactum
2498 4209 2839 4298 dirupisse,

727 4308 921 4393 *quod
994 4309 1210 4394 ipsum
1284 4307 1841 4397 archiepiscopum
1907 4311 1980 4374 in
2046 4333 2163 4377 suo
2230 4334 2431 4400 regno
2494 4311 2837 4380 refoveret.
2956 4385 2975 4398 ,

408 4415 720 4552 ΐῇἱῗξιομ
745 4409 1168 4475 Rescribente
1212 4415 1439 4476 autem
1483 4433 1638 4498 rege
1682 4411 1980 4478 Franciae
2037 4412 2304 4479 domino
2362 4437 2551 4503 papae
2611 4437 2834 4503 pacem

1523 4751 1538 4782 ¹
1575 4747 1727 4816 ειιὼο]
1766 4749 1900 4814 nico,
1924 4749 2039 4802 MS.
