3519 5734
840 826 970 891 392
1486 838 1683 891 nuso
1726 840 1945 891 AsBAs
1991 840 2308 901 QUIN'rtrs

508 1018 642 1070 A.D.
673 1025 813 1073 1213.
840 1033 989 1076 cum
1056 1014 1190 1077 suis
1256 988 1639 1079 coexulibus
1704 1014 1792 1079 ad
1854 1016 2116 1103 propria
2159 1013 2536 1090 revocavit3
2586 1010 2822 1098 quibus
2865 1015 2936 1073 et

840 1114 1327 1181 restitutionem
1370 1115 1695 1182 bonorum
1758 1138 2025 1182 suorum
2086 1115 2478 1203 repromisit.
2568 1115 2752 1178 Tunc
2795 1134 2938 1191 reX,

842 1218 1116 1306 legatus,
1163 1218 1445 1306 episcopi
1512 1224 1585 1285 et
1628 1224 1990 1307 magnates,
2037 1219 2386 1285 concilium
2431 1218 2608 1305 apud
2655 1216 2936 1300 Wynto-

842 1322 1021 1386 niam
1064 1319 1471 1401 indi-xerunt,
1522 1322 1639 1386 ubi
1690 1321 2054 1389 adventum
2103 1320 2446 1408 Stephani·
2471 1318 2936 1405 archiepiscopi

510 1441 609 1491 His
630 1430 813 1505 περ(
846 1424 1149 1489 devotius
1196 1428 1629 1511 expectarent.
1724 1423 1872 1503 Quo
1915 1423 2190 1489 tandem
2231 1424 2390 1515 illuc
2433 1421 2794 1498 accedente,
2817 1442 2934 1485 rex

508 1508 781 1625 ἵᾷἳξιηζζεε,
846 1525 908 1591 ei
952 1547 1292 1591 occurrens
1336 1525 1714 1591 cancellatis
1758 1525 2064 1592 manibus
2107 1527 2193 1591 ad.
2235 1526 2434 1611 pedes
2475 1523 2934 1609 archiepiscopi

384 1699 389 1705 ,
512 1650 601 1692 ter.
808 1630 1242 1721 procidebat,
1315 1627 1705 1713 veniamque
1781 1627 1864 1693 de
1938 1628 2362 1715 transgressis
2435 1650 2582 1693 cum
2655 1626 2936 1691 lacrimis

511 1750 755 1801 Sentenee
844 1732 1226 1817 postulavit.
1349 1732 1563 1812 Quem
1638 1732 1870 1798 statim
1935 1730 2458 1818 archiepiscopus
2531 1730 2794 1795 elevans
2865 1732 2935 1792 et

510 1817 819 1935 guffigssffon
843 1834 1255 1900 deosculatus
1326 1834 1499 1899 fores
1571 1832 1854 1900 ecclesiae
1921 1832 2152 1899 Sancti
2225 1832 2583 1918 Swythuni
2657 1831 2936 1916 Wynto—

507 1950 752 2001 remitted.
842 1936 1091 2001 niensis
1156 1934 1552 2012 introduxit,
1616 1942 1685 2001 et
1744 1958 1789 2001 a
1850 1936 2184 2002 sententia
2246 1931 2934 1999 excommunicationis

844 2037 1216 2104 absolutum
1302 2038 1376 2102 in
1466 2038 1572 2103 die
1648 2037 1878 2104 Sancti
1951 2037 2249 2124 Gregorii
2328 2038 2470 2103 Deo
2545 2042 2616 2102 et
2689 2040 2935 2102 sanctae

842 2140 1125 2227 ecclesiae
1189 2141 1601 2219 restituebat,
1678 2140 2160 2228 archiepiscopo
2233 2140 2580 2206 missarum
2647 2138 2936 2205 solennia.

842 2244 1223 2309 celebrante.
1348 2244 1508 2309 Post
1570 2242 1838 2308 missam
1899 2265 2055 2308 vero
2108 2265 2228 2308 rex
2272 2242 2598 2307 universis
2640 2240 2934 2328 spoliatis

843 2352 1051 2413 terras
1096 2368 1247 2412 suas
1292 2352 1362 2412 et
1406 2346 1705 2413 redditus
1765 2346 2012 2432 absque
2071 2367 2254 2411 mora
2295 2344 2710 2411 restituebat.
2803 2345 2935 2411 Sed

511 2462 771 2517 Gentium.
842 2454 1068 2515 tamen
1142 2448 1358 2513 adhuc
1419 2449 1637 2535 ipsum
1709 2448 2016 2536 generale
2089 2448 2518 2515 interdictum
2593 2469 2730 2512 non
2801 2448 2932 2511 fuit

510 2531 820 2649 fflsserffltthe
844 2552 1239 2631 relaxatum,
1288 2574 1407 2639 pro
1466 2575 1543 2617 eo
1604 2550 1840 2617 saltem
1885 2551 2064 2637 quod
2108 2554 2248 2637 ipse
2290 2574 2462 2639 papa
2507 2550 2931 2615 Innocentius

840 2655 970 2741 ipsi
1044 2653 1435 2739 Pandulpho
1508 2653 1730 2741 legato
1817 2654 1890 2719 in
1983 2652 2314 2719 mandatis
2412 2654 2684 2719 dederat
2755 2652 2929 2738 quod

842 2758 1145 2845 generale
1204 2758 1422 2843 ipsum
1472 2757 1902 2823 interdictum
1947 2758 2424 2822 relaxationem
2469 2757 2740 2821 minime
2766 2778 2929 2821 ·sor-

840 2861 1093 2938 tiretur,
1138 2859 1269 2925 nisi
1311 2860 1651 2947 praemissa
1712 2859 2039 2925 bonorum
2105 2859 2690 2926 ecclesiasticorum
2753 2858 2930 2946 prius

838 2969 1177 3050 raptorum
1206 2962 1643 3038 restitutione,
1672 2967 1743 3028 et
1789 2981 1906 3028 rex
1937 2963 1981 3028 J
1989 2962 2281 3029 ohannes
2324 2962 2702 3050 homagium
2745 2984 2929 3048 papae

842 3066 1233 3132 Innocentio
1274 3086 1415 3152 per
1478 3064 1766 3152 aliquem
1825 3071 2078 3132 certum
2123 3065 2416 3152 legatum
2477 3064 2552 3128 in
2617 3065 2927 3152 Angliam

839 3167 1297 3236 transmissum
1364 3169 1547 3256 prius
1616 3169 1971 3236 exhiberet.
2087 3168 2248 3234 Post
2309 3166 2431 3232 hoc
2502 3167 2926 3254 Pandulphus

838 3273 1095 3359 legatus
1138 3272 1224 3337 ab
1287 3272 1533 3359 Anglia
1576 3272 1858 3352 recessit,
1905 3277 1974 3336 et
2039 3293 2268 3336 versus
2315 3271 2598 3336 Romam
2655 3271 2925 3336 tendens

838 3396 1059 3460 regem
1130 3373 1425 3440 Franciae
1500 3375 1582 3440 de
1650 3374 2064 3439 Nox-mannia
2128 3374 2342 3440 redire
2403 3374 2632 3461 coegit.
2748 3374 2926 3438 Tunc

838 3499 995 3541 vero
1039 3497 1159 3542 rex
1203 3477 1285 3541 de
1331 3475 1583 3562 Anglia
1626 3475 1697 3542 in
1742 3476 2129 3554 Pictaviam,
2173 3481 2420 3542 terram
2465 3498 2673 3554 suam,
2719 3476 2926 3544 adhuc

838 3579 1174 3648 sententia
1217 3577 1563 3646 interdicti
1604 3579 2022 3666 perdurante,
2068 3580 2546 3646 transfretavit.

842 3945 997 4012 CAP.
1032 3944 1174 4011 XV.
1220 3945 1321 4011 De
1363 3942 1791 4014 restitutam
1837 3943 2170 4014 bonorum
2213 3943 2707 4041 archiepiscopo
2757 3951 2927 4016 Gan·

1014 4047 1361 4116 tumulans&
1404 4055 1465 4115 ct
1508 4049 1675 4114 clero
1694 4074 1721 4130 ;
1769 4049 1848 4116 dc
1877 4049 2185 4137 howmyio
2216 4049 2393 4138 regis
2422 4051 2702 4119 domino
2723 4077 2924 4140 papoe

996 4151 1189 4239 facto
1208 4175 1235 4231 ;
1300 4151 1382 4218 dc
1436 4152 1872 4238 Bao-enyaria
1932 4175 2138 4220 umore
2197 4155 2376 4240 ‘rcqz‘s
2437 4155 2736 4222 Ricardi
2757 4181 2786 4236 ;
2845 4155 2926 4221 dc

1012 4253 1427 4322 relaxatione
1487 4254 1848 4322 interdicti
1867 4279 1897 4336 ,·
1971 4255 2056 4322 dc
2128 4249 2306 4342 rcyis
2377 4257 2755 4346 mm-lefitctis
2777 4283 2808 4339 ,·
2867 4257 2926 4326 et

1012 4357 1310 4443 quodam
1353 4357 1596 4425 Sancto
1642 4357 1842 4424 Petro
1887 4357 1966 4424 de
2007 4357 2449 4446 Pontefi‘acto.

502 4545 809 4628 compensa·
924 4539 1083 4606 Post
1158 4561 1435 4625 quorum
1508 4549 1854 4622 recessum,
1933 4541 2454 4632 archiepiscopus
2534 4545 2922 4634 Stephanus,
2947 4551 3110 4605 Brute

499 4621 811 4734 aopossgreed
832 4647 1226 4732 congregato
1290 4644 1469 4731 apud
1537 4644 1956 4732 Radyngiam
2025 4647 2446 4733 praelatorum
2489 4649 2782 4730 concilio,
2841 4650 2926 4716 ad

496 4749 687 4803 church
832 4745 1253 4813 tractandum
1300 4746 1461 4834 quid
1526 4768 1641 4813 seu
1688 4752 2012 4834 quantum
2075 4771 2118 4815 a
2181 4773 2334 4838 rege
2377 4751 2424 4817 J
2427 4745 2686 4817 ohanne
2733 4775 2928 4842 expe-

2950 4621 3242 4686 chronicis,

2949 4687 2986 4738 f.
3015 4694 3128 4741 193.
