3519 5734
119 1418 121 1425 .
119 1358 122 1367 ,
119 1338 121 1341 ,
119 1302 121 1311 -
119 1076 122 1241 ,-,,,..-
119 900 127 1063 .,-..-.-
119 736 122 883 -—-—

552 1033 688 1085 Am.
718 1036 841 1088 1221

550 1108 609 1151 -1
622 1105 733 1154 235.

552 1444 789 1509 Grymes·

545 1516 681 1565 tona.

548 1764 822 1832 Owstwyk.

546 1868 688 1919 Mass
708 1871 854 1924 wine.

888 844 1019 911 416
1424 860 1772 915 moninus
1815 862 2033 915 Annis
2078 864 2433 917 sermm&

885 1032 1287 1120 Aldburghe,
1319 1039 1557 1101 vocata
1600 1034 2028 1125 Byrigburgh
2049 1036 2068 1074 ¹
2105 1036 2458 1115 Newtona,
2501 1060 2652 1125 quae
2681 1041 2984 1106 dedimus

885 1134 1217 1201 Willelmo
1262 1136 1343 1202 de
1396 1138 1814 1224 Semtevylla
1861 1147 1930 1205 et
1974 1139 2324 1205 heredibus
2367 1140 2517 1217 suia,
2565 1142 2708 1207 loeo
2773 1145 2982 1208 annui

884 1236 1183 1305 redditus
1224 1240 1266 1303 4
1296 1239 1671 1319 solidorum,
1712 1262 1862 1305 cum
1907 1240 2038 1307 alio
2077 1262 2304 1309 annuo
2333 1243 2603 1309 redditu
2652 1248 2683 1308 1
2697 1248 2737 1308 2
2781 1245 2980 1310 dena·

882 1339 1131 1405 riorum
1172 1340 1245 1405 in
1290 1341 1573 1423 Rowth3
1640 1342 1974 1409 reddendo
2018 1343 2212 1409 nobis
2255 1366 2465 1409 unum
2510 1344 2853 1411 denarium
2891 1348 2980 1411 ad
3044 1354 3052 1359 “

885 1441 1317 1509 Pentecosten
1384 1445 1776 1511 annuatim.2
1889 1444 2079 1510 Idem
2129 1453 2354 1511 autem
2411 1447 2732 1513 Rieardus
2777 1448 2980 1515 abbas

882 1545 1203 1612 concessit
1244 1547 1330 1613 ad
1373 1548 1547 1613 feodi
1586 1548 1848 1613 firmam
1891 1547 2152 1613 cuidam
2183 1547 2541 1616 Eustachio
2572 1550 2855 1616 Salsario
2895 1552 2978 1617 de

883 1647 1327 1735 Grymestona
1386 1672 1590 1715 unam
1608 1648 1635 1685 ³
1697 1651 2010 1716 bovatam
2055 1654 2255 1717 terrae
2273 1648 2300 1688 ⁴
2349 1652 2422 1717 in
2491 1650 2976 1738 Grymestona?

881 1750 1215 1818 reddendo
1266 1751 1462 1819 nobis
1524 1752 1564 1819 9
1616 1751 1859 1818 solidos
1917 1752 2316 1818 annuatim.⁶
2403 1750 2429 1789 ⁷
2452 1754 2658 1841 Hugo
2713 1777 2976 1842 quoque

881 1851 963 1918 de
1010 1854 1257 1939 Rysom
1310 1854 1493 1919 dedit
1536 1854 1745 1933 nobis,
1793 1854 1880 1919 ad
1922 1855 2158 1920 vinum
2201 1856 2551 1921 missarum
2595 1857 2669 1921 in
2713 1858 2978 1923 eeclesia

878 1958 1105 2021 nostra
1148 1955 1699 2035 celebrandarum,
1744 1959 2032 2042 quatuor
2074 1957 2356 2023 bovatas
2399 1964 2596 2025 terrae
2639 1958 2714 2023 in
2761 1959 2963 2025 Owst-

879 2057 1056 2143 wyk.
1196 2056 1288 2121 Et
1354 2056 1591 2123 Petrus
1658 2058 1988 2144 siquidem
2056 2058 2237 2144 Poyz
2299 2059 2488 2125 dedit
2553 2060 2746 2126 nobis
2811 2061 2974 2127 duas

876 2158 1154 2225 bovatas
1214 2164 1409 2225 terrae
1475 2160 1763 2225 ibidem:
1849 2160 2183 2226 reddendo
2267 2161 2622 2227 heredibus
2687 2164 2976 2228 Amandi

878 2261 1214 2327 Pineernae
1256 2282 1461 2328 unam
1504 2261 1742 2327 libram
1787 2262 2016 2327 cimini
2061 2264 2423 2330 annuatim.
2535 2265 2702 2345 Quae
2746 2267 2974 2351 itaque

876 2384 995 2429 sex
1059 2363 1323 2430 bovatae
1339 2361 1367 2399 ⁸
1432 2364 1764 2451 quondam
1830 2364 2102 2429 fuerunt
2167 2365 2466 2451 praedieti
2529 2366 2840 2446 Amandi,
2902 2374 2973 2431 et.

878 2471 1106 2551 postea.
1149 2466 1231 2533 de
1276 2487 1353 2531 eo
1425 2486 1541 2553 per
1604 2465 1887 2531 liberum
1948 2467 2340 2534 forinsecum
2397 2469 2741 2534 servitium
2789 2476 2970 2535 tene-

877 2567 1139 2633 bantur.
1248 2568 1403 2655 Ipse
1454 2590 1608 2655 ergo
1652 2567 1861 2632 abbas
1909 2568 2229 2635 Ricardus
2283 2568 2469 2635 dedit
2513 2570 2599 2635 ad
2641 2570 2818 2637 feodi
2861 2573 2970 2635 fir·-

876 2690 1055 2734 mam
1124 2670 1431 2756 Raynero
1491 2669 1632 2734 filio
1682 2669 1984 2755 praedicti
2031 2670 2216 2737 Petri
2270 2671 2454 2757 Poyz
2507 2694 2709 2739 unam
2755 2695 2969 2739 aeram

874 2778 1073 2837 terrae
1101 2772 1175 2835 in
1220 2770 1619 2857 Bryndcroft
1648 2770 1932 2853 ibidem3
1975 2772 2308 2838 reddendo
2352 2772 2546 2838 nobis
2591 2775 2966 2862 homagium

942 3040 954 3066 ¹
991 3035 1333 3103 Byriyburqh]
1369 3036 1703 3103 Rengburgh,
1724 3035 1786 3086 P.

940 3119 961 3148 ²
992 3118 1271 3184 annuatim]
1307 3117 1535 3184 wanting
1555 3118 1610 3168 in
1634 3119 1691 3168 P.

942 3199 963 3228 ¹
992 3197 1166 3264 unam]
1202 3196 1379 3262 ipsam,
1401 3196 1461 3248 P.

1968 3043 1997 3088 9
2035 3037 2224 3088 solidos
2261 3053 2353 3103 pro
2389 3041 2569 3090 eadem
2609 3045 2667 3090 ut
2705 3041 2966 3106 praefertur

1966 3115 2150 3167 habere
2207 3118 2519 3179 deberemus,
2563 3117 2696 3168 nihil
2749 3121 2812 3170 de
2863 3120 2962 3170 hiis

1965 3195 2198 3246 omnibus
2235 3196 2556 3261 percipimus,
2597 3198 2698 3248 nisi
2735 3200 2799 3248 de
2829 3200 2962 3249 dicto

940 3277 959 3306 ⁴
993 3277 1147 3327 After
1169 3284 1309 3326 terra·
1332 3276 1489 3326 insert
1511 3291 1679 3340 qum,
1702 3276 1764 3326 P.

942 3359 962 3386 ⁵
996 3355 1150 3406 Aster
1176 3354 1496 3420 Grymestona
1529 3355 1685 3407 insert
1722 3357 1877 3406 habe·

874 3435 1065 3494 bamus,
1088 3435 1150 3485 P.

940 3516 961 3544 ⁰
990 3513 1147 3563 Astur
1186 3513 1442 3562 annuatim
1480 3512 1655 3574 insert,
1696 3511 1801 3564 Sed
1833 3511 1877 3562 si

874 3591 985 3657 ipsa
1002 3593 1189 3642 bovata
1208 3598 1353 3642 terrae
1375 3592 1440 3642 ad
1472 3605 1651 3641 manus
1682 3599 1877 3642 nostrae

876 3672 1108 3731 redierat,
1130 3670 1213 3720 vel
1249 3669 1306 3720 in
1330 3677 1509 3720 tenura
1543 3669 1757 3720 aliorum
1790 3672 1878 3720 ad-

874 3751 976 3801 hue
1000 3748 1201 3810 existat,
1214 3749 1665 3814 impraesentiarum
1680 3747 1877 3812 penitus

876 3829 1153 3893 ignoratur.
1220 3827 1355 3880 Nam
1386 3828 1483 3892 hoe
1525 3827 1678 3878 etiam
1722 3827 1876 3878 habe·

873 3914 957 3958 tur
989 3923 1079 3973 pro
1116 3913 1267 3967 certo,
1302 3909 1437 3972 quod
1468 3906 1615 3959 miles
1657 3906 1876 3971 quidam,

875 3987 1111 4037 dominus
1142 3987 1400 4038 Gerardue
1432 3987 1495 4036 de
1519 3986 1874 4050 Grymestona,

875 4067 1171 4117 hereditarie
1202 4067 1569 4132 quodammodo
1599 4065 1770 4130 aliqua
1803 4073 1876 4115 te-

875 4153 1108 4197 nementa
1158 4145 1346 4196 ibidem
1388 4146 1453 4195 de
1505 4142 1653 4194 nobis
1705 4151 1875 4194 tenere

876 4225 1154 4284 videbatur,
1192 4231 1244 4275 et
1283 4229 1309 4276 7
1352 4223 1537 4274 solidos
1579 4238 1633 4274 se
1672 4222 1876 4274 sciverit

878 4303 1023 4354 nobie
1045 4304 1225 4354 debere
1248 4303 1440 4352 solvere
1462 4301 1725 4352 annuatim
1745 4321 1761 4362 ς
1786 4302 1874 4352 sed

877 4397 968 4447 pro
989 4381 1171 4447 quibus
1192 4389 1435 4432 terrarum
1457 4380 1772 4445 portionibus
1797 4379 1875 4445 ig-

878 4477 1056 4512 norare
1078 4477 1132 4511 se
1152 4459 1353 4525 penitus
1372 4461 1636 4512 fatebatur.
1686 4461 1766 4510 At
1784 4459 1873 4510 ubi

878 4541 932 4590 in
971 4542 1109 4592 dieta
1142 4539 1268 4590 villa
1300 4540 1363 4590 de
1401 4540 1737 4605 Grymestona
1775 4546 1876 4590 tres

879 4621 1065 4672 solidos
1108 4635 1198 4685 pro
1241 4633 1344 4670 una
1392 4620 1578 4670 bovata
1620 4626 1758 4670 tenta
1815 4619 1878 4670 de

878 4701 1026 4752 nobis
1056 4700 1112 4749 in
1142 4700 1310 4763 feodo,
1330 4705 1382 4750 et
1408 4703 1438 4748 5
1462 4699 1697 4749 selliones
1728 4706 1876 4750 terrae

879 4786 933 4832 et
961 4779 1304 4846 praecriptam
1341 4779 1576 4830 bovatam
1614 4783 1762 4830 terrae
1793 4778 1878 4828 vel

1966 3275 2172 3327 domino
2217 3277 2446 3330 Get-ardo
2493 3277 2656 3328 dictos
2701 3281 2729 3328 7
2775 3278 2960 3328 solidos

1966 3355 2244 3406 annuatim.
2310 3355 2378 3406 Et
2421 3371 2538 3406 eum
2581 3357 2688 3420 ipse
2731 3357 2962 3406 dominus

1968 3434 2224 3486 Germ-dus
2253 3434 2424 3498 aliqua
2456 3433 2645 3485 ibidem
2666 3443 2959 3496 tenemenm‚

1966 3519 2023 3563 ut
2060 3513 2259 3575 dicitur,
2297 3514 2405 3564 sine
2451 3514 2637 3579 scripto
2679 3523 2861 3576 tamen,
2897 3503 2960 3565 de

1965 3593 2112 3644 nobis
2150 3599 2356 3654 teneret,
2393 3607 2486 3657 pro
2523 3609 2586 3644 eo
2624 3597 2756 3659 quod
2791 3595 2958 3660 scripti

1965 3671 2270 3723 evidentiam
2320 3687 2424 3722 non
2477 3672 2710 3736 habebat,
2753 3675 2886 3738 ipsos
2927 3678 2950 3724 'a'

1965 3751 2151 3801 solidos
2193 3767 2282 3816 per
2323 3759 2521 3815 tempus
2563 3753 2766 3818 aliquod
2819 3755 2960 3804 nobis

1965 3829 2161 3880 solvere
2195 3829 2472 3884 differebat.
2539 3831 2724 3883 Postea
2743 3832 2959 3897 quidem,

1965 3908 2236 3974 arreragiis
2257 3909 2569 3972 condonatis,
2584 3912 2820 3962 dominus
2831 3912 2958 3963 Wil-

1965 3988 2160 4038 lielmus
2213 3991 2366 4040 abbas
2415 3994 2475 4040 18
2518 3989 2629 4054 ipsa
2683 3997 2962 4044 tenementa

1963 4065 2166 4128 ibidem,
2187 4069 2282 4118 sub
2306 4083 2444 4133 spem
2465 4068 2620 4120 unius
2645 4070 2841 4120 bovatae
2861 4079 2958 4120 ter-

1963 4160 2049 4208 rae,
2093 4147 2305 4210 praefato
2348 4148 2554 4198 domino
2593 4148 2821 4200 Gerardo
2866 4165 2957 4213 pro

1961 4224 2087 4289 ipsis
2143 4228 2171 4275 7
2219 4224 2392 4276 solidis
2445 4226 2630 4277 annuis
2685 4229 2750 4278 ad
2805 4233 2957 4279 totam

1961 4303 2120 4353 vitam
2153 4319 2296 4354 suam
2315 4305 2614 4368 dimittebat,
2634 4306 2696 4357 P.

2030 4384 2049 4412 ⁷
2082 4383 2198 4433 The
2216 4393 2641 4436 commeneement
2662 4386 2723 4436 of
2741 4386 2958 4452 Chapter

1963 4461 2061 4512 IV.
2093 4461 2150 4511 in
2181 4462 2271 4512 the
2295 4462 2544 4528 Phillipps
2567 4465 2697 4526 MS„
2731 4466 2817 4516 the
2848 4467 2957 4517 title

1963 4540 2116 4605 being
2135 4541 2331 4592 similar
2351 4549 2404 4592 to
2417 4542 2530 4593 that
2549 4544 2610 4593 of
2625 4543 2842 4609 Chapter
2855 4545 2958 4598 IV.

1962 4619 2018 4670 in
2038 4619 2124 4670 the
2146 4619 2370 4684 Egerton
2393 4621 2507 4672 MS.

2030 4699 2051 4728 ⁸
2083 4697 2235 4750 Aster
2255 4699 2438 4750 bovatoe
2459 4699 2617 4753 insert
2636 4707 2798 4762 term,
2819 4703 2880 4754 P.
