3519 5734
739 833 869 896 162
1267 842 1640 894 anrrus
1683 839 1899 896 ABBAs
1942 841 2315 894 sscmmus

403 1029 471 1080 A.
474 1029 542 1080 D.
567 1033 700 1080 1160
737 1039 912 1100 nam,
981 1019 1071 1085 ad
1132 1019 1482 1106 praefatam
1545 1018 2005 1157 prolbationem
2067 1017 2435 1084 faciendam
2506 1018 2588 1084 de
2662 1017 2843 1083 dicta

405 1103 466 1146 -1
479 1103 588 1148 182.

399 1180 546 1234 1220.

739 1123 1012 1188 dimidia
1057 1129 1363 1188 carucata
1429 1119 1669 1200 terraest
1720 1143 1871 1186 cum
1934 1123 2151 1187 dictus
2214 1123 2543 1188 Ernaldus
2584 1122 2843 1187 videret

737 1225 1000 1303 milites,
1046 1225 1248 1290 allato
1285 1225 1430 1311 jam
1473 1223 1642 1289 libro
1703 1225 1778 1289 in
1844 1223 2153 1302 medium,
2198 1227 2285 1290 ad
2325 1225 2693 1290 faciendum
2740 1245 2839 1288 sa-

599 1323 614 1336 “
737 1333 1150 1394 crumentum
1193 1334 1476 1415 paratos,
1524 1328 1733 1413 ipsam
1778 1331 2023 1394 terram
2068 1328 2259 1393 nobis
2326 1329 2681 1394 relaxando
2744 1329 2839 1392 di-

737 1431 942 1509 misit,
943 1430 972 1468 ⁹
1016 1432 1206 1517 quasi
1241 1431 1703 1516 juramentum
1764 1431 2189 1516 corporaliter
2250 1432 2622 1498 exhibitum
2666 1453 2841 1496 acce-

737 1535 956 1622 pisset.
1051 1535 1144 1599 Et
1212 1534 1359 1600 ideo
1427 1554 1550 1598 nos
1613 1533 1839 1598 decem
1891 1533 2132 1599 solidos
2178 1535 2391 1600 eidem
2435 1534 2838 1601 dederamus.

741 1635 941 1702 Unde
1005 1637 1223 1704 dictus
1288 1634 1619 1701 Ernaldus
1682 1635 2025 1722 praefatam
2044 1635 2071 1672 ³
2114 1641 2489 1702 carucatam
2531 1643 2725 1702 terrae
2770 1641 2841 1702 et

740 1737 1105 1818 dimidiam,
1149 1761 1313 1825 quas
1381 1760 1468 1804 ex
1531 1737 1885 1803 donatione
1936 1738 2096 1806 dicti
2159 1739 2346 1805 Isaac
2404 1739 2691 1804 hominis
2736 1738 2841 1804 sui

737 1839 1162 1921 habebamus,
1207 1841 1396 1906 nobis
1442 1841 1899 1922 confirmavit,
1884 1866 1897 1879 ·
1947 1841 2045 1906 ita
2088 1847 2316 1907 tamen
2361 1843 2538 1929 quod
2583 1842 2839 1908 salvum

738 1941 907 2010 foret
923 1942 951 1980 ⁴
997 1943 1345 2010 servitium
1389 1966 1584 2010 suum
1614 1949 1683 2010 et
1713 1893 2031 2010 heredum
2074 1967 2343 2010 suorum
2384 1967 2543 2032 erga
2586 1946 2837 2011 dictum

404 2050 531 2103 And
545 2055 617 2119 by
631 2054 718 2106 the
742 2045 928 2116 Isaac
963 2054 1034 2113 et
1063 2048 1336 2114 heredes
1379 2069 1532 2113 suos
1578 2047 1659 2112 de
1705 2045 1895 2113 tota⁶
1937 2053 2115 2113 terra
2158 2053 2593 2136 praenotata.
2625 2048 2839 2128 Quam

402 2118 626 2185 Knights

401 2183 686 2252 Templum.

740 2156 985 2218 terram
1015 2150 1251 2216 fratres
1295 2151 1560 2217 militiae
1606 2150 1865 2237 Templi
1908 2151 2103 2217 nobis
2144 2153 2650 2234 confirmarunt;
2634 2151 2681 2192 ·⁰
2722 2152 2839 2238 qui

729 2253 844 2339 jus
889 2253 962 2319 in
1004 2255 1150 2341 ipsa
1191 2259 1374 2320 terra
1417 2253 1752 2340 quondam
1817 2252 1939 2320 hoc
2006 2256 2201 2319 modo
2264 2255 2660 2321 habuerunt.
2753 2255 2841 2320 In

737 2355 1015 2423 Beforth
1081 2356 1356 2422 fuerunt
1421 2356 1538 2421 xii.
1585 2360 1905 2422 carucatae
1972 2362 2042 2423 et
2106 2359 2181 2422 in
2240 2357 2689 2446 Dodyngtona
2750 2359 2841 2424 vi.

739 2463 1066 2526 carucatae
1130 2465 1326 2526 terrae
1343 2457 1368 2495 ⁷
1440 2459 1522 2525 de
1583 2457 1775 2524 feodo
1844 2461 2102 2544 comitis
2164 2459 2604 2528 Albemarliae.
2705 2460 2839 2540 Qui

734 2563 1004 2648 quidem
1049 2584 1263 2630 comes
1309 2563 1493 2628 dedit
1537 2560 1865 2628 militibus
1895 2562 2152 2650 Templi
2186 2563 2533 2630 servitium
2562 2563 2838 2630 Ernaldi

733 2666 816 2732 de
887 2667 1308 2754 Monbegona
1378 2666 1740 2752 supradicti
1809 2667 1890 2732 de
1953 2668 2044 2732 vi.
2114 2667 2435 2732 carucatis
2494 2672 2689 2734 terrae
2762 2669 2837 2732 in

734 2767 1006 2835 Beforth
1055 2773 1125 2836 et
1167 2770 1258 2836 vi.
1289 2770 1610 2834 carucatis
1655 2773 1851 2834 terrae
1896 2770 1969 2834 in
2014 2769 2481 2858 Dodyngtona,
2510 2771 2629 2858 qui
2671 2793 2837 2858 prae-

738 2872 949 2938 dictas
1023 2871 1168 2939 311.8
1235 2878 1576 2939 carucatas
1651 2877 1849 2939 terrae
1917 2874 1999 2939 de
2061 2874 2290 2941 eodem
2356 2875 2593 2941 comite
2655 2876 2837 2963 prius

733 2977 1019 3043 tenebat.
1111 2976 1209 3041 At
1273 2976 1414 3063 ipse
1459 2976 1842 3054 Ernaldus,⁹
1887 2976 2257 3044 dominium
2320 2978 2835 3066 Templariorum

736 3102 910 3167 aegre
954 3078 1169 3146 ferens
1213 3083 1283 3145 et
1326 3100 1552 3145 eorum
1616 3080 2073 3146 exactionibus
2124 3083 2344 3147 minus
2402 3082 2833 3169 acquiescens,

734 3185 910 3273 ipsas
955 3205 1073 3250 sex
1117 3186 1460 3249 carucatas
1503 3186 1701 3249 terrae
1729 3183 1804 3248 in
1849 3184 2129 3249 Beforth
2149 3182 2201 3221 ¹⁰
2245 3185 2339 3250 eis
2381 3184 2654 3271 reliquit
2698 3208 2837 3251 esse

734 3288 1036 3374 quietas3
1106 3308 1186 3352 ea
1246 3286 1481 3353 saltem
1549 3286 1925 3352 conditione
1994 3286 2171 3383 quod
2238 3287 2321 3353 de
2384 3310 2503 3353 sex
2564 3290 2835 3375 reliquis

671 3416 674 3418 ’
733 3392 1056 3457 carucatis
1118 3395 1313 3456 terrae
1381 3390 1454 3454 in
1521 3388 1978 3477 Dodyngtona
2019 3390 2279 3455 nullum
2326 3392 2592 3457 omnino
2637 3392 2835 3457 alicui

734 3494 1082 3559 servitium
1125 3492 1366 3558 faceret
1409 3493 1548 3579 ipse
1593 3492 1702 3558 vel
1746 3493 2015 3559 heredes
2060 3494 2214 3581 ejus.
2306 3494 2405 3559 De
2450 3494 2689 3581 quibus
2716 3516 2833 3560 sex

733 3596 1053 3661 carucatis
1098 3600 1292 3661 terrae
1335 3595 1411 3659 in
1456 3594 1910 3683 Dodyngtona
1948 3596 2282 3675 habemus,
2330 3596 2501 3663 sicut
2534 3598 2679 3683 jam
2722 3620 2833 3663 su-

732 3699 1106 3786 pradictum
1167 3704 1285 3778 est,
1332 3699 1746 3786 praescriptas
1768 3698 1813 3737 ¹¹
1861 3722 2064 3765 unam
2108 3705 2481 3766 carucatam
2524 3707 2595 3767 31,
2637 3702 2833 3767 (111111-

734 3802 914 3867 diam
959 3806 1169 3868 terrae.
1262 3800 1544 3867 Interim
1607 3806 1832 3867 autem
1894 3803 2208 3890 praefatus
2272 3803 2601 3869 Ernaldus
2646 3804 2829 3870 dedit

2541 4014 2672 4021 ———-—

799 4154 812 4183 ¹
834 4150 984 4201 After
1007 4158 1146 4200 terroe
1169 4148 1343 4207 insert.
1367 4155 1417 4199 et
1435 4146 1620 4199 ibidem
1645 4163 1735 4213 per
1892 4152 1921 4181 ⁰
1944 4151 2317 4217 confirmarunt]
2356 4152 2738 4217 confirmabant,
2766 4154 2827 4205 P.

731 4230 900 4281 omnia
935 4231 1066 4281 sicut
1099 4230 1426 4293 111-3110331313
1463 4228 1626 4278 suem
1661 4235 1735 4279 est
1892 4243 1911 4271 τ
1945 4244 2113 4308 term]
2153 4236 2381 4309 wantifig
2402 4246 2457 4294 in
2480 4244 2540 4295 Ρ,

731 4317 1013 4370 executum,
1035 4317 1215 4373 praeter
1237 4308 1334 4357 hoc
1357 4308 1506 4371 quod,
1529 4306 1590 4357 P.

793 4392 816 4419 ²
846 4388 996 4439 After
1018 4387 1202 4437 dimisit
1239 4387 1412 4448 insert,
1435 4402 1496 4437 ac
1532 4386 1606 4437 ita
1633 4386 1732 4437 sibi
1889 4428 1910 4455 9
1942 4426 2231 4494 Ernddus]
2270 4430 2499 4495 wanting
2520 4429 2572 4480 in
2594 4430 2639 4479 P

731 4468 1036 4519 satisfactum
1061 4482 1170 4517 esse
1192 4466 1371 4515 diceba
1441 4466 1497 4515 P.
2641 4470 2652 4481 ·

797 4550 816 4577 ³
839 4546 989 4596 Aster
1003 4546 1270 4611 pra-satam
1293 4472 1451 4595 insss'rt
1471 4546 1732 4611 integrm,
1822 4601 1855 4648 b
1892 4520 1928 4550 ¹⁰
1962 4519 2133 4647 Asu}
2148 4520 2361 4585 Besm'al
2384 4521 2557 4611 ῘᾙΒθῐῒ»
2582 4524 2643 4571 de
2665 4525 2827 4573 omni·

731 4627 790 4677 P·
1859 4614 1916 4648 us
1934 4615 2045 4664 quae
2068 4614 2097 4649 a
2158 4614 2273 4650 cum
2296 4602 2629 4664 pertinebant,
2653 4602 2714 4651 P.

799 4710 817 4735 ι
833 4706 1000 4773 soret]
1039 4712 1181 4763 esset,
1207 4705 1267 4755 p·
1894 4692 1925 4721 ¹¹
1954 4692 2305 4757 proescriptas]
2345 4708 2411 4741 33
2434 4694 2569 4743 (10110
2592 4693 2735 4744 Isaac
2763 4696 2825 4744 (13

794 4790 814 4816 ·”
849 4785 974 4852 tcta]
1013 4782 1240 4849 wanting
1261 4784 1314 4833 in
1338 4784 1396 4833 P.
1826 4769 2126 4835 Skefflynsse
2150 4770 2339 4833 clerici,
2362 4772 2423 4822 P·

1892 4336 1912 4364 ⁸
1948 4336 2066 4400 xii]
2108 4336 2337 4401 wanting
2358 4336 2412 4385 in
2436 4337 2496 4386 P.
