3519 5734
1259 863 1460 916 mm
1501 862 1722 916 ABBAs
1767 864 2043 916 ramus.
2612 851 2693 916 91

603 1037 1054 1104 Thorntonam
1098 1041 1200 1104 est
1241 1035 1628 1104 tumulatus.
1721 1034 1741 1074 ¹
1770 1035 1861 1102 Et
1922 1057 2071 1102 oum
2130 1037 2271 1123 ipse
2315 1035 2590 1124 belliger
2632 1040 2707 1102 et
2729 1041 2781 1090 1³
2803 1056 2915 1106 Pm-

1005 1141 1018 1155 .
1474 1138 1488 1154 .
1832 1138 1846 1152 .
1890 1139 1903 1152 .
1948 1138 1962 1155 .
2192 1139 2207 1152 .
2250 1138 2263 1154 .
2635 1139 2650 1154 .
2732 1111 2892 1159 tested
2912 1109 2969 1158 in

603 1139 746 1206 dux
809 1144 1136 1206 exerc1tus
1208 1137 1620 1227 temporlbus
1664 1142 2003 1224 requis1t1s
2067 1142 2419 1218 extltisset‚
2489 1142 2558 1205 et
2631 1161 2703 1204 m
2729 1181 2909 1224 aton-ms
2932 1184 2984 1226 at

459 1246 466 1252 ’
603 1241 772 1310 mari
815 1241 1306 1308 transfretando
1348 1245 1779 1327 tempestates
1813 1244 2170 1306 nocturnas
2214 1245 2283 1306 et
2326 1241 2704 1327 repentinas
2728 1256 2813 1291 ⁸0²
2832 1242 2902 1306 by
2924 1244 3009 1294 the

602 1345 665 1409 ei
708 1345 971 1430 suisque
1013 1343 1432 1430 naufragium
1475 1343 1812 1410 minantes
1855 1363 2026 1429 saepe
2068 1363 2412 1429 perpessus
2456 1342 2703 1420 fuisset,
2728 1323 2999 1427 ξῗιζὲἳη
3093 1337 3103 1346 ’

602 1446 849 1515 eisdem
909 1446 1414 1534 tempestatibus
1476 1444 1955 1533 ingruentibus,
2022 1450 2285 1512 noctem
2351 1467 2559 1532 usque
2620 1445 2705 1510 ad

605 1549 744 1635 ejus
803 1550 1089 1616 mediam
1161 1549 1286 1614 sub
1371 1569 1482 1636 spe
1521 1548 1917 1614 insomnem
1991 1547 2373 1615 deducebat.
2484 1548 2706 1614 Media

605 1656 832 1718 autem
874 1659 1067 1718 nocte
1110 1651 1422 1729 irruente,
1470 1649 1628 1737 quia
1673 1649 1975 1716 monaehi
2018 1650 2123 1716 sui
2168 1649 2397 1716 Sancti
2429 1651 2707 1716 Martini

603 1758 676 1820 et
717 1754 1016 1820 canonici
1079 1753 1185 1820 sui
1251 1754 1334 1819 de
1400 1751 1788 1819 Thorntona
1850 1752 1937 1816 ad
2002 1757 2358 1818 nocturnas
2440 1753 2707 1840 vigilias

603 1877 870 1944 surgere
913 1847 1408 1933 consueverant,
1471 1856 1597 1921 sub
1641 1854 2043 1920 confidentia
2086 1875 2351 1942 precum
2416 1856 2707 1942 ipsorum

605 1958 1074 2024 monachorum
1149 1962 1219 2023 et
1291 1957 1772 2036 canonicorum,
1860 1956 2099 2044 spretis
2182 1959 2707 2044 tempestatibu8‚

605 2061 896 2126 securius
941 2059 1321 2127 dormiebat.
1415 2059 1607 2126 Circa
1633 2059 2065 2144 gallicantum
2096 2059 2381 2144 quidem,
2428 2061 2709 2148 peractis

606 2164 1074 2228 monachorum
1120 2166 1190 2228 et
1233 2161 1692 2228 canonicorum
1735 2161 2204 2248 praedictorum
2246 2162 2515 2248 vigiliis,
2560 2185 2709 2228 oum

606 2265 954 2352 evigilaret
1017 2265 1142 2330 sub
1205 2264 1607 2330 confidentia
1674 2264 2051 2330 orationum
2117 2264 2583 2330 monachorum
2628 2267 2709 2332 de

510 2353 522 2366 ’
605 2367 796 2433 Valle
841 2368 970 2434 Dei
1011 2372 1084 2434 et
1151 2368 1234 2433 de
1303 2366 1530 2444 Melsa,
1575 2367 1690 2453 qui
1754 2367 1901 2453 ipsa
1966 2367 2130 2434 hora
2172 2369 2387 2434 noctis
2428 2368 2515 2434 ad
2558 2390 2709 2434 suas

605 2470 870 2558 vigilias
914 2471 1117 2538 etiam
1162 2491 1426 2556 surgere
1485 2469 1909 2549 festinarunt,
1974 2470 2213 2556 spretis
2256 2470 2499 2536 iterum
2542 2475 2709 2536 tem-
2757 2483 2771 2500 ’

605 2574 990 2659 pestatibus,
1037 2574 1176 2638 sive
1209 2571 1592 2638 dormiendo
1621 2572 1762 2637 sive
1790 2570 2149 2659 vigiland0‚
2198 2571 2375 2638 diem
2418 2573 2710 2639 securius

605 2671 1037 2762 expectabat-..¹
1126 2674 1428 2739 Hawisia
1469 2695 1630 2740 vero
1673 2673 1813 2738 filia
1854 2674 2063 2760 ipsius
2125 2673 2516 2756 Willieltni,2
2557 2680 2709 2763 post

605 2782 888 2844 mortem
961 2776 1170 2863 patris
1237 2777 1356 2854 sui,
1427 2776 1587 2840 data
1631 2781 1734 2842 est
1798 2797 1915 2862 per
1958 2798 2178 2864 regem
2244 2777 2525 2864 Angliae,
2593 2780 2710 2866 qui

604 2880 1012 2967 temporibus
1071 2877 1202 2945 illis
1277 2876 1675 2957 exstiterat,⁸
1739 2878 1955 2945 nobili
1995 2880 2142 2946 viro
2203 2878 2557 2947 Willielmo
2625 2882 2707 2948 de

607 2980 1034 3049 Mandavilla.
1145 2981 1296 3059 Sed,
1357 2981 1502 3069 ipso
1569 2987 1835 3049 mortuo
1902 2983 2044 3063 sine
2088 2983 2326 3049 herede
2371 3005 2457 3049 ex
2497 2986 2661 3072 ipsis
2681 2986 2709 3024 ⁴

463 3106 473 3114 ·
603 3089 960 3172 procreato,
1006 3082 1165 3149 data
1207 3089 1311 3149 est
1353 3085 1598 3151 iterum
1629 3084 1811 3151 diota
1856 3084 2159 3151 Hawisia
2202 3086 2585 3165 Baldewino
2629 3087 2710 3152 de

607 3187 872 3274 Betoyn
937 3186 1165 3253 comiti
1230 3186 1493 3266 Insulae,
1565 3186 1646 3253 de
1715 3208 1847 3273 qua
1863 3184 1890 3223 ⁵
1934 3188 2185 3274 accepit
2243 3209 2446 3253 unam
2504 3188 2710 3254 filiam

605 3294 885 3357 tantum.
979 3289 1144 3370 Quae
1186 3288 1326 3355 filia
1388 3290 1704 3355 maritata
1765 3289 2187 3369 mareschallo
2230 3290 2493 3377 Angliae
2552 3298 2712 3357 tuno

607 3392 973 3473 exsistenti,
1037 3390 1219 3479 prole
1287 3413 1420 3456 non
1487 3390 1829 3477 producta,
1892 3391 2183 3457 animam
2272 3392 2415 3457 Deo
2481 3414 2713 3481 eorpus

607 3498 801 3561 terrae
844 3492 1368 3561 commendabat.
1478 3492 1786 3557 Mortuus
1854 3498 1959 3559 est
2020 3494 2227 3559 etiam
2292 3494 2431 3581 ipse
2476 3495 2713 3561 Balde·
2734 3496 2847 3547 The
2870 3497 3046 3564 faruny
3154 3502 3165 3513 ‘

607 3596 822 3663 winus
867 3596 948 3663 de
993 3596 1300 3682 Betoyn;
1345 3599 1414 3661 et
1459 3594 1779 3673 Hawisia,
1826 3618 1945 3682 per
2002 3600 2402 3683 pmeptum
2460 3597 2713 3663 domini
2736 3564 2893 3681 ἓξὲξ
2914 3567 3038 3615 For-

607 3698 800 3785 regis,
831 3697 1084 3784 aceepit
1113 3698 1428 3763 maritum
1457 3697 1895 3763 willielmum
1926 3698 2007 3764 de
2040 3698 2355 3766 Fortibus
2406 3699 2713 3787 primum,

607 3803 677 3866 et
738 3798 977 3865 habuit
1043 3820 1129 3865 ex
1195 3820 1274 3865 ea
1338 3798 1770 3867 Willielmum
1838 3800 1921 3867 de
1968 3801 2279 3870 Fortibus
2334 3803 2709 3869 seeundum.

609 3902 760 3983 Qui,
820 3900 1068 3967 habens
1141 3900 1466 3981 uxorem,⁰
1523 3904 1774 3990 aceepit
1850 3925 1934 3969 ex
1996 3924 2074 3969 ea
2088 3903 2113 3943 ⁷
2159 3903 2585 3971 Willielmum
2630 3906 2713 3971 de

605 4006 916 4075 Fortibus
943 4003 1233 4072 tertium.
1325 4004 1457 4085 Qui
1501 4004 1698 4071 duxit
1725 4027 2018 4086 uxorem,
2050 4005 2400 4073 Isabellam
2429 4008 2711 4088 nomine,

603 4108 814 4175 filiam
858 4106 1118 4175 oomitis
1182 4106 1431 4175 Insulae
1492 4113 1561 4175 et
1630 4106 1997 4189 Devoniae,⁸
2052 4130 2140 4175 ex
2206 4118 2367 4197 qua·
2404 4110 2577 4177 filios
2642 4116 2713 4177 et

675 4360 690 4392 ¹
726 4360 855 4411 This
900 4360 1058 4411 entire
1097 4374 1328 4426 passage,
1361 4360 1496 4411 from
1533 4360 1614 4413 Et
1780 4362 1801 4390 ⁸
1831 4360 1986 4411 Aster
2022 4376 2213 4411 uxorem
2235 4361 2409 4425 insert,
2438 4362 2713 4415 Avelinam

608 4456 714 4491 cum
734 4448 788 4491 to
811 4438 1110 4507 expectabat,
1133 4440 1177 4490 is
1198 4440 1425 4506 wanting
1447 4440 1500 4490 in
1523 4439 1583 4492 1³.
1712 4438 1938 4503 nomine,
1958 4439 2117 4490 filiam
2159 4440 2343 4491 nobilis
2364 4441 2465 4493 viri
2504 4443 2711 4495 Ricardi

674 4521 696 4550 ²
738 4516 1006 4587 Wfflielmz]
1045 4518 1271 4584 wanting
1292 4520 1348 4569 in
1369 4520 1432 4571 P.
1711 4520 1775 4569 de
1797 4518 2090 4582 Monflehet,
2111 4519 2173 4570 P.

677 4599 697 4629 ⁸
731 4596 1006 4665 exstiterat]
1045 4597 1308 4661 existebat,
1328 4598 1390 4654 P,
1780 4600 1798 4627 ²
1830 4598 1986 4648 After
2007 4614 2067 4649 ea
2088 4597 2249 4651 insert
2267 4598 2445 4661 fllium,
2464 4601 2525 4654 P.

675 4680 694 4709 ⁴
729 4694 788 4727 ez·
811 4677 958 4743 ἰρεὶε]
998 4677 1060 4728 de
1082 4668 1289 4742 eo'rpo're
1309 4692 1416 4740 suo,
1437 4678 1501 4730 P.
1781 4678 1802 4707 ⁸
1833 4685 1880 4727 et
1897 4675 2163 4745 Devenioe]
2201 4680 2427 4747 wanting
2444 4680 2499 4731 in
2521 4680 2582 4732 P.
2600 4701 2615 4743 ς
2646 4697 2711 4732 an

577 4777 592 4791 ·
674 4756 694 4786 ³
725 4755 851 4825 qua]
889 4756 1117 4825 wanting
1137 4756 1194 4807 in
1213 4756 1279 4811 P.
1717 4752 1965 4809 insertion
1988 4756 2045 4809 in
2064 4758 2126 4812 E.
