3519 5734
813 804 942 867 242
1415 816 1694 866 ‘moins
1735 816 1955 865 Annas
1999 816 2306 867 ‘rt-:nnus

473 992 616 1045 ΑΔ).
641 996 788 1045 1189.
816 1029 829 1043 .
873 1029 888 1043 .
933 1030 946 1041 .
987 988 1126 1043 fidei
1159 992 1582 1059 transgressor,
1621 988 1805 1043 verbo
1844 1028 1857 1042 .
1903 1030 1916 1043 .
1962 1031 1976 1043 .
2016 994 2311 1053 versutus,
2352 987 2583 1044 adulter
2616 987 2911 1058 publicus,

817 1072 1084 1127 ecclesiae
1121 1072 1391 1136 malleus,
1433 1070 1560 1126 Deo
1597 1090 1831 1142 semper
1866 1072 2154 1143 ingratus.
2232 1071 2419 1141 Quem
2456 1072 2638 1126 semel
2674 1088 2916 1126 exosum

822 1162 926 1211 aut
961 1155 1244 1211 dilectum
1277 1155 1487 1210 habuit
1511 1156 1610 1211 vix
1646 1156 1723 1211 ad
1757 1157 2117 1211 contrarium
2142 1156 2483 1211 flectebatur
2501 1154 2538 1221 3¹
2564 1155 2919 1211 discordiam

819 1240 974 1295 iuter
1010 1240 1162 1295 filios
1201 1256 1568 1309 summopere
1605 1240 1828 1305 fovens,
1870 1240 2236 1295 solummodo
2254 1238 2277 1271 ²
2310 1257 2383 1293 ex
2432 1256 2633 1293 eorum
2670 1238 2919 1293 discidio

817 1340 1022 1395 pacem
1059 1340 1300 1394 sperans
1337 1323 1666 1393 provenire.
1712 1365 1725 1378 .
1772 1365 1785 1378 .
1828 1364 1842 1379 .
1883 1324 2233 1379 Hiberniam
2253 1324 2481 1395 potenti
2504 1324 2693 1378 classe
2718 1323 2919 1393 subju·
2942 1324 3007 1373 B.
3032 1323 3263 1388 Higden‚

483 1420 696 1473 Reviev
717 1424 777 1472 of
820 1408 1001 1478 gavit.
1077 1406 1300 1479 'Capto
1333 1424 1476 1478 rege
1500 1406 1732 1473 Scotiae,
1759 1424 2015 1479 regnum
2042 1407 2253 1464 Scotiae
2292 1450 2307 1463 .
2348 1448 2363 1463 .
2402 1448 2417 1463 .
2454 1426 2642 1479 usque
2664 1407 2919 1463 boriales
2944 1392 3041 1441 ⁰⁰¹·
3066 1396 3215 1441 ²³⁹²·

483 1496 660 1539 events
681 1490 742 1539 of
822 1490 1156 1546 Orchadum
1189 1491 1414 1546 insulas
1449 1508 1633 1561 regno
1671 1508 1779 1547 suo
1816 1492 1985 1561 quasi
2022 1492 2132 1547 sub
2178 1493 2518 1548 monarchia
2564 1490 2923 1561 adjiciebat.⁸

482 1556 568 1605 ΜΒ
591 1555 750 1619 reign·
822 1576 895 1629 In
947 1574 1354 1630 transmarinis
1411 1575 1700 1646 partibus,
1753 1581 1969 1647 praeter
2018 1575 2459 1640 Normanniam‚
2514 1576 2917 1646 Aquitaniam,

821 1658 1246 1730 Andegaviam‚
1289 1658 1757 1724 cenomanniam,
1789 1677 1919 1730 quae
1956 1659 2011 1713 ei
2046 1660 2333 1730 paternali
2363 1660 2497 1731 jure
2534 1660 2918 1731 contigerant,

823 1743 1150 1798 Pictaviam
1188 1758 1419 1813 quoque
1469 1748 1530 1797 et
1567 1742 1915 1797 Gasconiam
1950 1760 2140 1814 usque
2177 1744 2252 1798 ad
2286 1744 2581 1799 Pirenoeos
2616 1743 2923 1814 Hispaniae

825 1832 1070 1889 montes,
1113 1843 1244 1897 quae
1297 1825 1353 1879 ei
1405 1826 1914 1881 matrimonialiter
1964 1826 2333 1891 obvenerant,
2372 1828 2733 1892 Alverniam,
2786 1844 2923 1881 cum

825 1908 1177 1979 quibusdam
1225 1909 1358 1963 aliis
1395 1909 1590 1973 terris,
1633 1928 1741 1965 suo
1776 1910 2099 1965 dominatui
2150 1911 2501 1982 subjiciebat
2554 1950 2791 1965 .....
2846 1911 2923 1965 In

821 1994 977 2048 hunc
1014 1993 1252 2063 quidem
1287 2010 1462 2063 reges
1487 1993 1791 2063 Hispaniae
1826 1994 1901 2049 ad
1938 1994 2219 2049 sedandas
2256 1995 2577 2050 discordias
2604 2012 2739 2049 suas
2764 2012 2921 2049 com·

823 2084 1237 2155 promiserunt.
1357 2074 1492 2141 Sed
1555 2082 1781 2143 tamen
1840 2098 1881 2141 a
1940 2078 2099 2143 filiis
2162 2079 2443 2165 propriis
2503 2079 2739 2163 saepius
2797 2078 2923 2141 im-

824 2182 1162 2262 pugnatus
1229 2183 1298 2241 et
1360 2177 1596 2243 infelix
1664 2181 2038 2260 deveniens,
2104 2181 2360 2245 ultimis
2420 2182 2558 2245 suis
2624 2186 2661 2244 5
2710 2181 2923 2257 annis,

821 2278 1184 2343 rebellante
1253 2278 1597 2357 Hibernia,
1643 2280 2052 2359 Alverniam,
2118 2282 2505 2361 Bituricam,
2554 2282 2923 2347 Cenoman-

824 2382 1004 2444 niam
1055 2386 1122 2445 et
1171 2380 1548 2461 Turoniam,
1597 2406 1747 2447 cum
1794 2384 2079 2450 castellis
2122 2386 2367 2461 multiS,
2424 2392 2656 2450 contra
2701 2406 2923 2471 regem

828 2481 1144 2563 Franciae,
1211 2488 1292 2549 ut
1357 2485 1758 2570 praedicitur,
1827 2486 2122 2571 perdidit
2183 2492 2252 2551 et
2315 2487 2619 2574 seipsum
2726 2487 2923 2551 Anno

493 2604 666 2684 Hugh,
826 2590 1051 2649 autem
1080 2584 1276 2669 hujus
1321 2586 1492 2671 regis
1538 2587 1814 2653 Henrici
1862 2590 1963 2666 32,
2008 2588 2213 2674 Hugo
2254 2611 2491 2675 genere
2537 2588 2924 2675 Burgundio

491 2670 755 2789 fflc‘ffin‘fff
827 2687 1006 2772 prior
1079 2688 1160 2752 de
1228 2687 1570 2773 Wytham,
1646 2690 1895 2755 ordinis
1972 2690 2471 2770 Carthusiensis,
2544 2692 2613 2755 in
2682 2690 2927 2777 Anglia

820 2788 1024 2874 juxta
1070 2788 1521 2872 Saresbiriam,
1567 2796 1638 2857 et
1680 2792 2103 2857 cancellarius
2146 2794 2342 2880 regis,
2386 2792 2601 2859 factus
2646 2798 2748 2861 est
2792 2794 2929 2882 epi-

829 2911 1060 2976 scopus
1107 2890 1598 2958 Lincolniensia

853 3212 1010 3280 CAP.
1061 3213 1182 3279 XI.
1228 3213 1326 3280 De
1373 3214 1799 3282 coronatione
1842 3217 2022 3300 reyie
2065 3217 2363 3283 Ricardi
2381 3244 2409 3298 ,·
2456 3225 2517 3284 et
2562 3218 2643 3284 de
2686 3217 2911 3305 infor-

1029 3315 1231 3382 tunio
1273 3317 1334 3382 J
1328 3315 1548 3382 udoeis
1589 3317 1676 3383 ’ὶαι
1719 3316 1880 3404 ipsa
1922 3319 2352 3386 coronatione
2396 3321 2751 3387 accideme.

501 3502 642 3553 AD,
667 3507 808 3552 1189.
905 3481 1138 3536 Mortuo
1175 3481 1468 3552 siquidem
1504 3481 1765 3538 Henrico
1800 3501 1943 3554 rege
1975 3476 2240 3562 Angliae
2270 3482 2475 3564 patre,
2509 3477 2931 3564 Henricoque
2954 3497 3283 3563 Rfligden,

503 3585 802 3636 Succession
836 3571 1275 3658 primogenito
1321 3594 1439 3638 suo
1503 3580 1662 3638 ante
1729 3581 1986 3661 patrem
2054 3583 2131 3642 ut
2194 3579 2585 3664 praedictum
2648 3587 2753 3646 est
2822 3566 3053 3646 de-⁰⁰¹·
3080 3571 3233 3616 ²⁴⁰¹·

501 3651 562 3767 ‘I’f
587 3650 814 3701 Richard
838 3674 1080 3749 functe,
1144 3682 1432 3738 Ricardus
1479 3675 1649 3740 alter
1709 3675 1890 3741 filius
1936 3679 2209 3744 Henrici
2255 3681 2479 3766 patris,
2528 3704 2742 3747 comes
2790 3683 2932 3748 Pic-

500 3756 626 3851 1:¹³2
649 3799 693 3849 b,
837 3775 1061 3852 taviae,
1109 3785 1392 3840 successit
1434 3779 1626 3862 patri,
1658 3805 1765 3858 per
1790 3789 1859 3842 10
1883 3805 2061 3844 annos
2085 3795 2456 3861 regnaturus·
2530 3793 2715 3864 Cujus
2740 3811 2932 3849 mores

505 3903 606 3953 ffi„
628 3904 714 3953 life
839 3882 903 3931 et
959 3883 1124 3932 actus
1188 3876 1516 3947 Stephanus
1579 3878 2017 3935 Cantuariensis
2077 3882 2547 3956 archiepiscopus
2605 3885 2933 3940 luculenter

507 3971 706 4020 written
729 3971 796 4033 by
839 3969 1167 4040 descripsit.
1244 3960 1336 4024 Et
1365 3961 1524 4046 quia
1566 3961 1744 4027 idem
1777 3963 2097 4029 Ricardus
2141 3969 2440 4052 portavit
2480 3991 2664 4033 arma
2702 3973 2933 4034 contra

505 4035 813 4166 Ξξῖξξξῆορ
837 4066 1096 4145 patrem
1141 4083 1354 4140 suum,
1383 4063 1560 4126 infra
1601 4070 1738 4129 tres
1769 4067 2170 4152 septimanas
2214 4072 2366 4154 post
2410 4075 2690 4135 mortem
2719 4071 2931 4157 patris

507 4169 570 4218 of
581 4168 787 4220 Camer-
839 4161 944 4226 sui
988 4163 1072 4226 ab
1117 4162 1617 4251 archiepiscopis
1663 4165 2177 4256 Rothomagensi
2230 4176 2298 4235 et
2346 4170 2807 4238 cantuariensi
2850 4171 2933 4236 de

507 4237 650 4300 bury.
839 4264 980 4350 ipso
1026 4265 1366 4331 commisso
1411 4267 1632 4332 fuerat
1673 4268 2029 4337 absolutus.
2120 4271 2407 4340 Peractis
2452 4283 2677 4341 autem
2720 4274 2933 4340 omni-

907 4533 921 4561 ¹
965 4529 1116 4590 Quem
1152 4570 1164 4582 .
1201 4569 1215 4584 .
1251 4569 1264 4582 .
1299 4533 1627 4602 flectebatur]
1691 4538 1835 4588 diffe-
2000 4541 2020 4570 ⁸
2053 4541 2163 4592 'Ibe
2207 4553 2559 4608 arrangement
2596 4545 2659 4596 of
2692 4545 2778 4597 the
2821 4561 2936 4598 sen-

839 4612 1005 4675 rently
1026 4611 1201 4674 placed
1220 4611 1276 4662 in
1300 4613 1352 4664 J.
1376 4615 1436 4666 Β.
1935 4626 2082 4669 tencc
2102 4620 2146 4670 is
2170 4621 2401 4674 different
2420 4623 2475 4672 in
2498 4623 2720 4689 fflgden.

905 4691 926 4721 ²
957 4687 1262 4756 admodo]
1302 4692 1464 4744 solum
1487 4694 1602 4759 sibi,
1624 4695 1677 4748 J.
1701 4695 1762 4746 B.
