3519 5734
473 1012 613 1063 A.D.
641 1017 768 1063 1182

476 1083 663 1130 -1197.

474 1158 718 1210 Hoeeuia.

477 1506 634 1557 Stone

479 1589 681 1639 qum-ry.

479 2138 770 2205 Brantyng-

475 2205 606 2255 ham.

470 3467 766 3520 Eboracum.

810 821 938 882 228
1407 834 1680 883 THOMAS
1724 833 1941 881 Annas
1980 833 2288 881 Tannus,

809 1006 1091 1092 passagii
1124 1006 1204 1071 de
1251 1005 1562 1085 Hesellia,
1594 1006 1783 1071 nobis
1827 1005 2161 1082 fratribus,
2204 1004 2604 1081 hominibus,
2650 1002 2904 1067 anima-

809 1107 1004 1187 libus»,
1033 1114 1120 1175 .e1·,
1179 1109 1480 1173 omnibus
1545 1108 1833 1195 negotiis
1898 1108 2159 1184 nostriS,
2207 1107 2727 1192 quotiescunque
2786 1125 2903 1168 ne-

810 1233 980 1276 cesse
1031 1212 1435 1277 haberemus
1541 1213 1650 1292 Et,
1701 1212 1756 1275 si
1807 1211 1955 1296 quis
1998 1206 2342 1275 hominum
2389 1232 2660 1274 suorum
2706 1229 2904 1293 super

811 1314 934 1379 hoc
977 1337 1094 1379 nos
1137 1320 1428 1393 vexaret,
1473 1335 1591 1401 pro
1636 1335 2030 1399 unoquoque
2077 1314 2345 1378 denario
2392 1334 2587 1397 quem
2628 1333 2671 1376 a
2714 1311 2905 1375 nobis

810 1417 1178 1496 extorserit,
1224 1416 1336 1482 xii.
1389 1417 1690 1482 denarios
1733 1417 1999 1481 nomine
2064 1415 2495 1480 forisfacburae
2538 1414 2733 1480 nobis
2792 1434 2907 1498 pa-

809 1541 952 1584 care
995 1519 1382 1607 repromisit.
1477 1518 1567 1582 Et
1619 1518 1666 1581 J
1669 1518 1961 1583 ohannes
2006 1517 2087 1582 de
2138 1518 2433 1583 Hesellia
2479 1518 2666 1584 dedit
2708 1515 2902 1580 nobis

811 1644 1155 1708 quareram
1185 1621 1363 1708 apud
1395 1619 1776 1699 Heselliam,
1806 1625 1885 1684 ut
1927 1620 2416 1706 imperpetuum
2462 1620 2905 1706 acciperemus

809 1729 1086 1810 petram,
1132 1723 1334 1788 libere
1381 1745 1458 1787 ac
1501 1721 1923 1801 sufficienter,
1952 1728 2093 1786 tam
2122 1724 2207 1787 ad
2250 1745 2485 1810 rogum
2530 1720 2905 1786 faciendum

813 1847 1010 1911 quam
1055 1825 1142 1889 ad
1185 1826 1521 1890 ecclesiam
1579 1824 1909 1910 lapideam
1956 1830 2024 1889 et
2090 1829 2357 1889 caeteras
2404 1824 2693 1889 officinas
2758 1844 2907 1888 nos-

811 1932 948 1991 tras
993 1926 1426 2005 aedifieandaS,
1472 1948 1809 2011 quousque
1852 1930 2030 1989 terra
2074 1948 2194 1991 sua
2239 1927 2527 2006 duravit,
2576 1948 2616 1990 a
2661 1924 2909 1990 molen-

812 2029 968 2093 dino
999 2029 1078 2094 de
1109 2029 1404 2093 Hesellia
1434 2050 1642 2111 usque
1672 2027 1758 2092 ad
1805 2028 2091 2092 divisam
2136 2028 2217 2093 de
2250 2028 2531 2114 Feryby.
2596 2027 2906 2092 Thomas-

811 2152 940 2215 que
991 2130 1278 2195 Gerland
1345 2130 1648 2195 vendidit
1668 2127 1687 2164 ¹
1749 2128 1943 2193 nobis
2010 2134 2262 2215 septem
2328 2151 2510 2194 acras
2574 2134 2771 2195 terrae
2833 2135 2907 2193 et.

809 2233 1195 2318 quadreram
1240 2232 1440 2319 spatii
1471 2234 1558 2296 80
1587 2230 1829 2315 pedum
1874 2230 1947 2293 in
1990 2229 2409 2316 longitudine
2443 2236 2512 2296 et·
2545 2235 2630 2296 20
2660 2232 2902 2317 pedum

805 2334 881 2398 in
946 2334 1319 2412 latitudine,
1387 2334 1460 2397 in
1482 2331 1508 2367 ²
1554 2331 2073 2417 Brantyngham.
2162 2332 2541 2399 Osmundus
2596 2355 2854 2418 quoque
2876 2332 2907 2369 ³

807 2435 994 2501 Kenb
1037 2436 1225 2501 dedit
1268 2435 1457 2499 nobis
1504 2455 1847 2518 quareram
1894 2434 2033 2497 vixx
2076 2434 2321 2520 pedum
2368 2436 2437 2499 in
2485 2435 2904 2523 longitudine

807 2544 876 2603 et
942 2538 1080 2603 viii.
1149 2538 1615 2624 perticatarum
1675 2536 1748 2600 in
1814 2534 2215 2616 latitudine3
2284 2543 2353 2602 et
2419 2537 2622 2602 etiam
2690 2542 2903 2602 totam

805 2640 1222 2726 quadrariam
1267 2639 1465 2704 unius
1511 2643 1832 2703 carucabae
1863 2642 2074 2714 berrae,
2110 2639 2403 2724 exceptis
2444 2642 2527 2703 24
2563 2641 2905 2725 perticatis

805 2742 878 2807 in
922 2743 1377 2828 longitudine3
1423 2746 1493 2806 eb
1543 2741 1756 2806 locum
1805 2740 2235 2805 sufficientem
2304 2740 2391 2805 ad
2453 2747 2711 2827 petram
2756 2764 2905 2807 nos·

806 2848 981 2910 tram
1053 2841 1423 2929 ponendam
1487 2863 1684 2926 quam
1751 2840 1997 2906 ibidem
2074 2842 2505 2920 effoderimus
2566 2866 2901 2930 quousque

806 2951 1020 3010 totam
1085 2952 1340 3032 petram
1423 2945 1695 3008 eandem
1766 2943 2181 3026 tolleremu83
2244 2950 2314 3011 eb
2388 2947 2569 3032 Yiam
2628 2948 2903 3012 liberam

806 3068 924 3133 per
986 3052 1227 3111 terram
1297 3069 1484 3111 suam
1547 3069 1588 3110 a
1645 3045 1763 3110 via
1808 3046 2204 3112 Eboracensi
2270 3070 2477 3132 usque
2539 3049 2627 3112 ad
2688 3049 2902 3114 Hum-

803 3149 1036 3229 briam,
1082 3172 1213 3235 qua
1257 3171 1404 3214 cum
1473 3148 1672 3212 carris
1717 3152 1789 3212 eb
1855 3150 2124 3214 carectis
2168 3154 2519 3214 uteremur.
2610 3150 2712 3215 De
2771 3173 2901 3236 qua

805 3251 1072 3337 quidem
1120 3273 1396 3336 quarera
1441 3250 1708 3315 ecclesia
1751 3255 1981 3314 nostra
2026 3257 2095 3315 eb
2140 3249 2417 3316 caetera⁴
2465 3251 2721 3317 officina
2763 3275 2901 3318 mo-

805 3354 1082 3419 nasterii
1139 3353 1348 3417 nostri
1394 3358 1552 3416 sunt
1596 3351 2021 3417 constructa?
2130 3352 2509 3439 Stephanus
2554 3376 2903 3440 germanus

805 3455 1148 3519 Willielmi
1213 3475 1508 3540 personae
1556 3454 1637 3519 de
1684 3453 2108 3540 Cotyngham
2170 3461 2239 3520 et
2302 3456 2383 3520 de
2450 3454 2619 3520 Rule
2640 3454 2667 3492 ⁰
2719 3456 2899 3520 dedit

805 3555 997 3620 nobis
1061 3556 1192 3619 duo
1241 3557 1578 3642 mesnagis.
1621 3555 1694 3620 in
1740 3555 2053 3632 Eborac0‚
2107 3555 2297 3641 quae⁷
2343 3559 2423 3621 de
2478 3557 2650 3622 dono
2694 3556 2856 3623 dicti
2877 3557 2902 3592 ⁸

806 3656 1150 3722 Willielmi
1209 3657 1432 3721 staturis
1497 3658 1602 3722 sui
1664 3659 2055 3743 possidebat.
2147 3658 2356 3722 Dedit
2416 3659 2641 3743 itaque
2664 3657 2690 3694 ⁹
2734 3681 2902 3745 prae-

804 3761 984 3825 faizus
1043 3759 1441 3824 Willielmus
1502 3760 1767 3824 Matildi
1826 3760 2031 3825 sorori
2092 3782 2227 3825 suae
2294 3783 2501 3825 unum
2569 3766 2902 3826 tenemen-

805 3867 951 3928 tum
1021 3862 1093 3926 in
1155 3862 1522 3941 Beverla00‚
1591 3863 1765 3946 quod
1832 3866 1983 3948 post
2045 3862 2299 3928 obitum
2361 3862 2688 3926 dictorum
2734 3863 2903 3926 Wil-

874 4163 890 4192 ¹
925 4159 1163 4224 vendidit]
1201 4160 1464 4217 vendebat,
1487 4159 1545 4207 P.
1968 4163 1989 4190 ⁶
2026 4159 2305 4224 Stephanus
2339 4198 2351 4210 .
2390 4199 2401 4211 .
2436 4199 2450 4212 .
2488 4161 2640 4227 Rule]
2694 4162 2900 4212 Germa-

873 4241 896 4270 ²
927 4239 1081 4288 After
1103 4239 1153 4286 in
1176 4239 1336 4287 insert
1356 4236 1608 4286 territorio
1632 4239 1706 4298 de,
1725 4238 1786 4286 P.
1901 4254 1997 4288 nus
2042 4255 2237 4304 quoque
2280 4241 2435 4300 illius,
2483 4241 2766 4305 Stephanus
2810 4257 2901 4292 no-

873 4319 895 4348 ⁸
925 4317 1076 4367 After
1096 4333 1278 4380 quoque
1299 4317 1459 4365 insert
1477 4317 1556 4375 de,
1578 4316 1637 4365 P.
1899 4318 2050 4378 mine,
2072 4319 2130 4367 P.

875 4397 894 4425 ⁴
926 4395 1127 4459 coeaera]
1165 4395 1393 4459 wanting
1415 4395 1469 4442 in
1487 4395 1546 4444 P·
1966 4425 1983 4450 ⁷
2017 4421 2149 4486 quoe]
2190 4437 2327 4486 quass,
2353 4423 2407 4472 in
2432 4423 2553 4473 both
2578 4423 2731 4474 MSS·

870 4477 902 4566 ε.
923 4474 1061 4523 Here
1105 4473 1300 4522 follows
1333 4473 1387 4522 in
1424 4473 1483 4522 P.
1525 4488 1556 4522 a
1593 4489 1802 4564 passage
1963 4526 1981 4554 Β
2015 4526 2167 4575 Aster
2188 4525 2308 4575 dicti
2328 4526 2485 4576 insert
2510 4527 2701 4576 domini
2741 4527 2787 4576 P

802 4552 970 4603 which
1005 4567 1316 4603 commences
1350 4552 1556 4616 chapter
1577 4552 1701 4602 VII.
1743 4567 1800 4602 ιιι
2702 4565 2717 4590 ³
2787 4564 2804 4580 ·

801 4633 886 4684 the
909 4633 1130 4696 Eget-ton
1155 4631 1265 4682 MS.
1335 4631 1430 4684 See
1463 4631 1639 4695 beloW,
1669 4646 1800 4696 page
1961 4633 1981 4661 ⁹
2014 4633 2203 4698 itaque]
2243 4634 2409 4696 etiam,
2433 4634 2493 4685 P.

801 4718 916 4776 232,
939 4719 1055 4762 note
1067 4713 1122 4762 -7.
