3519 5734
1325 835 1525 888 mm
1569 835 1792 886 Anus
1834 834 2130 892 ramus„
2638 823 2769 886 143

671 1009 1130 1097 conspiciebat.
1224 1009 1366 1077 Ubi
1419 1009 1622 1074 etiam
1665 1007 1845 1072 vidit
1887 1004 2211 1092 quosdam
2256 1005 2337 1070 de
2382 1005 2519 1070 suis
2565 1027 2771 1091 quon-
2798 1021 2975 1088 Agdn
2995 1026 3103 1077 he:

669 1111 828 1182 dam
855 1111 1066 1189 ,sociis
1087 1133 1274 1198 quos
1314 1111 1484 1176 benc
1528 1108 1927 1196 recognovit.
2018 1107 2190 1172 Inde
2232 1107 2501 1194 quidem
2546 1112 2615 1175 et
2658 1129 2775 1193 per
2796 1091 3096 1208 ᾞῖξωᾞ·

671 1221 916 1280 nomen
988 1213 1037 1278 J
1041 1213 1203 1278 hesu
1279 1217 1383 1280 est
1445 1211 1781 1277 liberatus.
1907 1207 2079 1275 Cum
2142 1210 2535 1276 transissent
2600 1209 2774 1291 inde,
2800 1229 2991 1274 torture
3011 1240 3077 1274 on

669 1316 980 1402 apparuit
1021 1304 1170 1380 rota
1211 1315 1408 1402 ignea
1451 1334 1712 1400 magna,
1756 1312 1860 1397 cuj
1868 1334 1947 1376 us
1988 1310 2162 1376 radii
2207 1316 2277 1376 et
2319 1312 2775 1378 extremitates
2800 1289 3109 1408 {hgffig'y

669 1417 856 1485 uncis
899 1416 1113 1504 igneis
1159 1422 1350 1482 erant
1393 1415 1690 1500 undique
1735 1413 2169 1500 circumsepti,
2214 1413 2288 1478 in
2346 1414 2588 1500 quibus
2640 1415 2774 1480 sin-
2802 1423 2863 1472 of
2875 1423 3045 1474 σιω.

671 1518 843 1605 gulis
887 1518 1184 1585 homines
1227 1518 1426 1584 infixi
1469 1517 1869 1605 pendebant.
1984 1515 2149 1595 Quae
2211 1516 2419 1580 nimia
2470 1517 2774 1604 agilitate

673 1621 1024 1708 &desuper
1065 1621 1140 1685 in
1185 1621 1394 1686 imum
1423 1625 1662 1700 rotata,
1694 1620 2088 1704 flammaque
2117 1617 2279 1683 tetri
2307 1618 2777 1706 sulphureique

673 1722 962 1788 incendii
1009 1724 1092 1790 de
1135 1728 1318 1788 terra
1361 1721 1533 1786 circa
1575 1726 1791 1786 rotam
1836 1741 2129 1807 surgenS,
2175 1721 2250 1785 in
2290 1741 2371 1786 ea
2412 1721 2777 1808 pendentes

673 1824 1038 1892 miserrime
1101 1823 1594 1910 retorquebant.
1711 1823 2009 1908 Cumque
2065 1823 2428 1908 jactassent
2494 1823 2777 1890 militem

673 1947 868 2012 super
911 1931 1123 1992 rotam
1170 1934 1241 1992 et
1299 1928 1374 1992 in
1435 1947 1652 1992 aerem
1707 1925 1992 1990 rotando
2049 1925 2401 2004 levassent,
2466 1926 2777 1992 invocato

673 2029 940 2093 nomine
986 2026 1259 2106 Christi,
1303 2027 1641 2094 descendit
1701 2027 1964 2092 illaesus.
2081 2027 2518 2093 Procedentes
2562 2029 2775 2115 igitur
2805 2049 2917 2100 The
2938 2052 3026 2102 de-

672 2129 848 2207 inde,
891 2147 1120 2199 versus
1163 2131 1432 2200 domum
1494 2151 1700 2194 unam
1766 2129 2082 2222 grandem
2127 2128 2535 2195 horribiliter
2576 2129 2773 2196 fumi·
2802 2117 3120 2235 ffffnmwbffinss

671 2238 944 2318 gantem
988 2233 1422 2299 advenerunt.
1515 2233 1608 2300 Et
1653 2253 1798 2296 cum
1844 2231 2059 2297 adhuc
2124 2230 2209 2295 ab
2274 2253 2355 2296 ca
2398 2232 2775 2320 aliquantu·
2802 2248 2959 2300 house
2981 2267 3104 2301 con-

671 2331 812 2400 lum
855 2334 1119 2421 longius
1164 2341 1401 2414 essent,
1447 2355 1587 2420 prae
1631 2332 1841 2400 nim-io
1884 2333 2095 2398 calore
2140 2333 2255 2418 qui
2321 2332 2477 2398 inde
2522 2335 2767 2414 exibat,
2801 2316 3121 2440 &¹3¹2ng

671 2434 864 2502 stetit
924 2436 1272 2522 procedere
1345 2435 1726 2500 formidans.
1868 2433 1993 2500 Cui
2069 2435 2367 2499 tardanti
2440 2437 2773 2502 daemones
2801 2449 2994 2501 meme.

669 2537 1082 2604 balnearium
1155 2537 1353 2602 fuisse
1427 2543 1498 2602 et
1572 2535 1732 2601 illuc
1808 2557 1959 2602 eum
2034 2536 2309 2601 introire
2384 2538 2771 2604 comminati

671 2637 960 2706 fuerunt.
1051 2639 1481 2732 Introductus
1525 2642 1751 2704 autem
1797 2638 2065 2703 domum
2110 2638 2288 2703 vidit
2317 2639 2775 2724 pavimentum
2880 2709 2884 2713 ,

673 2737 863 2804 fossis
905 2740 1210 2806 rotundis
1254 2739 1544 2826 plenum,
1590 2761 1739 2825 quae
1792 2738 2071 2826 singuloe
2138 2740 2425 2806 metallis
2490 2742 2767 2809 diversis

675 2863 752 2909 ac
793 2841 1160 2927 liquoribus
1203 2841 1623 2930 profluebant
1657 2865 1672 2922 ;
1739 2841 1816 2906 in
1880 2841 2121 2927 quibus
2181 2843 2529 2930 utriusque
2573 2866 2772 2913 sexus
2801 2857 3008 2909 Human
3040 2884 3050 2893 ·

677 2949 748 3011 et
789 2945 1012 3011 aetatis
1055 2946 1479 3033 mergebatur
1521 2944 1867 3010 hominum
1910 2944 2292 3023 multitudo,
2334 2968 2617 3031 quorum
2661 2949 2777 3014 alii
2799 2925 2979 3041 &¹⁰⁸⁸
3021 2993 3079 3043 ᾗ,

675 3048 761 3113 ad
807 3048 1037 3125 oculos,
1085 3047 1201 3112 alii
1267 3048 1354 3113 ad
1415 3047 1610 3125 labia,
1660 3046 1777 3111 alii
1843 3047 1929 3111 ad
1977 3045 2162 3124 colla,
2204 3047 2321 3112 alii
2365 3050 2663 3115 seriatim
2707 3057 2776 3117 et
2800 3058 2956 3110 them.

675 3150 1062 3236 singillatim
1129 3150 1216 3215 ad
1277 3149 1592 3234 inferiora
1647 3149 1934 3235 corporis
1994 3149 2293 3215 membra
2364 3152 2777 3219 tenebantur.
2838 3174 2843 3179 ·

676 3249 1246 3338 Sublevantesquc
1291 3252 1656 3319 daemones.
1689 3249 1993 3330 militem,
2040 3252 2263 3317 conati
2308 3259 2466 3319 sunt
2510 3275 2661 3319 eum
2704 3255 2778 3320 in
2801 3273 2977 3338 Again
2998 3274 3064 3325 he

677 3375 878 3419 unam
921 3353 1316 3420 fossatarum
1361 3354 1676 3440 projicere
1706 3378 1722 3433 ;
1768 3354 1901 3433 sed,
1934 3352 2166 3418 audito
2198 3354 2446 3421 Christi
2490 3356 2775 3443 nomine,
2800 3340 3111 3457 ζῆθὲῑέἐιω·

673 3454 748 3519 in
791 3478 910 3522 suo
955 3457 1298 3522 conamine
1345 3456 1737 3521 defecerunt.
1833 3454 2223 3521 Secedentes
2266 3461 2490 3523 autem
2534 3457 2620 3522 ab
2658 3458 2776 3527 illo
2800 3472 2952 3537 being
2973 3472 3066 3521 im-

672 3556 816 3623 loco
858 3564 1300 3643 porrexerunt
1344 3562 1576 3623 contra
1640 3564 1935 3622 montem
1980 3579 2207 3634 unum,
2264 3558 2340 3622 in
2398 3580 2528 3644 quo
2580 3582 2777 3647 super
2799 3540 3083 3655 ffiffffmzy

675 3658 922 3745 digitos
964 3660 1210 3747 pedum
1254 3664 1533 3727 curvata
1576 3658 1921 3724 hominum
1966 3659 2333 3725 multitudo
2374 3662 2729 3728 videbatur
2756 3688 2772 3745 ;
2800 3672 2862 3720 of
2874 3668 2911 3722 J
2915 3686 3046 3723 esus.

675 3760 790 3845 (1111
864 3762 1050 3845 quasi
1123 3768 1405 3827 mortem
1499 3782 1649 3827 cum
1725 3761 1946 3827 dolore
2020 3762 2473 3846 praestolantes
2547 3787 2776 3831 versus
2801 3748 2883 3799 He
2906 3750 2949 3800 is
3080 3770 3087 3777 -

2800 3815 2999 3866 carried
3020 3822 3079 3867 to
3110 3864 3119 3876 ,
3220 3840 3233 3851 ·

673 3860 1050 3947 aquilonem
1118 3863 1508 3929 tendebant.
1630 3863 1722 3928 Et
1790 3883 1933 3928 ecce
2000 3862 2086 3927 ab
2149 3864 2455 3949 aquilone
2529 3873 2775 3933 ventus
2799 3897 2831 3931 a
2850 3881 2961 3943 hill,
2982 3886 3083 3933 and

675 3962 966 4029 turbinis
995 3964 1337 4044 ·veniebat,
1388 3965 1504 4050 qui
1547 3974 1616 4030 et
1659 3966 1837 4051 ipsos
1881 3964 2215 4031 daemones
2242 3971 2312 4031 et
2341 3989 2535 4052 quem
2566 3970 2775 4034 duxe-
2796 3948 3059 4081 ssffiby
3080 4032 3115 4067 a

672 4072 834 4131 runt
879 4066 1161 4131 militem
1205 4071 1558 4152 totumque
1602 4066 1917 4153 populum
1962 4065 2151 4131 illum
2213 4070 2508 4155 arripuit,
2558 4076 2626 4135 et
2699 4072 2773 4137 in
2798 4082 2930 4131 blast
2949 4081 3081 4132 from

673 4168 1002 4255 quoddam
1065 4168 1314 4235 flumen
1379 4167 1686 4235 foetidum
1747 4190 1825 4233 ac
1884 4168 2383 4255 frigidissimum
2447 4173 2641 4259 longe
2700 4174 2775 4239 in
2799 4146 3070 4264 {11:050on

671 4271 948 4337 alteram
1015 4271 1263 4336 montis
1330 4275 1587 4357 partem
1654 4271 1949 4357 projecit,
1994 4271 2067 4335 in
2130 4294 2260 4357 quo
2320 4274 2774 4341 inaestimabili
2797 4280 3025 4347 freezing

673 4372 913 4460 frigore
963 4374 1396 4439 vexabantur.
1487 4372 1579 4437 Et
1623 4393 1771 4437 cum
1816 4372 2192 4438 niterentur
2220 4374 2303 4439 de
2331 4377 2522 4461 aquis
2566 4346 2987 4488 emer·3;e:1{e

670 4496 841 4563 gere,
889 4480 1242 4561 „currentes
1305 4475 1638 4541 daemones
1681 4488 1879 4560 super
1923 4496 2126 4560 aquas
2194 4498 2304 4541 eos
2370 4478 2773 4547 incessanter
2796 4506 2931 4541 same
2958 4491 3112 4543 invo-

671 4578 1104 4644 immiserunt.
1225 4578 1322 4642 At
1389 4578 1597 4657 miles,
1647 4575 1974 4662 adjutoris
2038 4579 2142 4643 sui
2207 4584 2344 4644 non
2407 4557 3073 4687 immemor,''{‡g,‘},¹23ht³0

671 4701 912 4747 nomen
985 4680 1192 4768 ipsius
1267 4680 1647 4760 reclamans,
1695 4679 1769 4743 in
1834 4678 1968 4747 alia
2028 4680 2175 4767 ripa
2248 4703 2317 4748 se
2384 4683 2523 4751 sine
2586 4706 2769 4751 mora
2792 4688 2945 4809 {hagh-
2912 4690 3110 4743 further
