3519 5734
262 3631 418 3683 Brute

263 3698 547 3761 Chroniele,

260 3766 297 3818 f.
327 3772 420 3817 193
439 3763 484 3816 b.

1225 874 1421 925 nuso
1465 877 1679 925 ABBAs
1724 876 2042 937 QUINTUS.
2537 864 2666 928 393

575 1050 811 1123 terent,
856 1045 942 1109 ad
986 1046 1477 1114 restitutionem
1545 1049 1870 1115 bonorum
1915 1072 2063 1135 quae
2109 1049 2190 1115 de
2235 1050 2528 1136 praelatis
2571 1070 2670 1114 ec·
2692 1059 2826 1110 A.D.
2860 1065 2996 1109 1214.

576 1147 787 1213 clesiae
834 1146 1269 1234 depraedarat‚
1316 1172 1467 1215 cum
1510 1152 1766 1217 caeteris
1809 1152 2100 1238 praelatis
2143 1150 2369 1218 taliter
2412 1173 2670 1218 concor·
2691 1145 2996 1262 {300‘13330'1‘

577 1248 783 1326 davit,
827 1258 906 1315 ut
951 1273 1071 1315 rex
1112 1252 1594 1341 archiepiscopo
1639 1254 1766 1341 ipsi
1814 1258 1992 1319 3000
2039 1276 2303 1335 marcas,
2351 1254 2555 1342 priori
2601 1259 2671 1320 et
2753 1227 2814 1261 ca
2899 1250 2910 1262 ”

576 1352 937 1418 conventui
984 1356 1159 1419 1000
1223 1378 1493 1436 marcae,
1560 1361 1629 1421 et
1692 1356 1949 1423 caeteris
1994 1356 2301 1421 omnibus
2365 1357 2454 1421 ad
2500 1356 2672 1421 divi-

576 1454 867 1520 dendum
911 1456 1089 1522 inter
1131 1480 1241 1522 eos
1286 1458 1644 1524 secundum
1674 1458 2144 1546 archiepiscopi
2176 1458 2672 1546 dispositionem

578 1560 817 1635 15‚000
906 1580 1176 1640 marcas,
1252 1560 1325 1625 in
1400 1560 1918 1625 satisfactionem
2005 1562 2368 1627 redonaret.
2493 1561 2674 1641 Quas

572 1682 861 1725 summas
903 1684 1043 1742 rex,
1090 1663 1397 1729 cautione
1460 1685 1750 1751 congrua
1801 1663 2152 1743 mediante,
2202 1665 2436 1731 saltem
2481 1665 2674 1728 annis

574 1763 1071 1829 succedentibus
1116 1766 1367 1832 solvere
1412 1770 1795 1846 teneretur3
1863 1766 2163 1853 alioquin
2225 1767 2412 1854 regni
2463 1766 2672 1832 inter-

576 1866 828 1931 dictum
873 1866 1145 1934 minime
1172 1870 1551 1939 solveretur.
1617 1870 1937 1956 Regresso
1983 1870 2192 1955 igitur
2221 1876 2299 1935 ut
2328 1868 2672 1957 praefertur
2695 1879 2727 1927 f.
2756 1884 2834 1929 ⁵8.

574 1967 969 2055 Pandulpho
1011 1969 1248 2057 legatO,
1296 1971 1363 2035 N
1366 1970 1657 2037 icholaus
1724 1971 2067 2059 episcopus
2113 1972 2516 2037 Tusculanus
2579 1972 2673 2037 le·
2693 1958 2958 2075 ξίὶῗιξωῗέ

576 2075 772 2158 gatus
816 2071 987 2136 alius
1016 2071 1333 2159 Angliam
1362 2073 1654 2152 advenit,
1686 2074 1774 2139 ad
1803 2074 2248 2160 recipiendum
2293 2074 2672 2161 homagium
2695 2041 2984 2149 Tusctilum,

578 2174 750 2261 regis
812 2174 858 2239 J
861 2174 1159 2253 ohannis,
1221 2198 1351 2261 quo
1412 2174 1573 2263 ipse,
1618 2177 1892 2241 heredes
1955 2182 2026 2243 et
2087 2198 2482 2243 successores
2547 2176 2671 2253 sui,
2693 2160 2933 2275 ffiaeew

580 2299 784 2363 regna
824 2276 1089 2363 Angliae
1137 2282 1205 2343 et
1250 2277 1600 2343 Hiberniae
1668 2278 1749 2344 de
1816 2279 1960 2344 Deo
2025 2284 2094 2344 et
2161 2280 2408 2345 Sancto
2470 2279 2670 2345 Petro
2695 2292 2910 2357 homage

580 2384 781 2465 atque
822 2380 1177 2465 apostolico
1224 2380 1616 2445 Innocentio
1662 2380 1931 2467 ejusque
1985 2382 2481 2462 successoribuS,
2529 2381 2674 2445 red·
2698 2359 2828 2409 from
2849 2358 3006 2409 John.

581 2482 795 2547 dendo
842 2482 935 2547 eis
978 2482 1158 2546 mille
1202 2503 1454 2547 marcas
1498 2488 1580 2547 ut
1625 2482 2018 2569 praedictum
2049 2490 2166 2565 est,
2197 2488 2518 2571 perpetuo
2563 2484 2672 2549 de·

583 2584 892 2649 tinerent.
970 2584 1225 2669 Cuique
1256 2584 1321 2648 N
1325 2582 1575 2651 icholao
1604 2585 1826 2672 legato
1871 2608 1914 2650 a
1955 2608 2130 2673 papa
2155 2586 2675 2673 praecipiebatur,
2689 2589 2955 2659 'Appoint-

582 2692 661 2751 ut
706 2686 843 2773 ipse
886 2686 961 2749 in
1002 2686 1271 2752 sedibus
1314 2691 1385 2752 et
1424 2687 1847 2753 monasteriis
1890 2689 2282 2753 vacantibus
2325 2690 2490 2755 tales
2533 2711 2678 2776 per-
2701 2664 2841 2707 ment
2861 2660 2929 2724 by

2701 2725 2786 2774 the
2809 2725 2856 2773 le
2895 2734 2974 2776 ate

582 2810 775 2854 sonas
818 2788 974 2875 eligi
1018 2789 1261 2854 faceret
1303 2811 1453 2876 quae
1488 2790 1774 2858 ecclesiae
1817 2796 1887 2857 et
1929 2813 2134 2880 reguo
2177 2790 2376 2857 utiles
2422 2796 2493 2858 et
2535 2793 2676 2881 regi
2701 2797 2753 2840 to
2775 2741 2960 2842 vaoffint

578 2893 796 2957 forent
840 2890 1080 2956 fideles.
1174 2892 1372 2973 QuOS,
1419 2916 1567 2960 cum
1629 2894 1906 2960 fuissent
1967 2895 2172 2976 electi,
2220 2918 2338 2960 rex
2397 2896 2481 2960 ad
2525 2918 2676 2962 con·
2700 2860 2930 2976 ἓξὲξ

579 3017 775 3082 gruas
817 2994 1003 3060 sedes
1045 2994 1395 3082 benignius
1461 2997 1818 3084 suscipiens
1883 3019 2108 3063 eorum
2153 2997 2500 3064 electiones
2558 3021 2677 3085 pro
2700 2993 2865 3046 teries.

582 3119 651 3162 se
694 3095 1142 3184 permittebat.
1232 3097 1411 3162 Nam
1474 3104 1667 3165 antea
1731 3099 2124 3166 donationes
2168 3100 2678 3188 archiepiscopa-

581 3205 792 3278 tuum‚
863 3199 1373 3286 episcopatuum,
1442 3201 1866 3267 abbatiarum
1933 3208 2004 3268 et
2069 3203 2500 3289 prioratuum,
2560 3204 2677 3290 qui

584 3302 983 3368 tenebantur
1051 3302 1133 3368 de
1194 3325 1347 3390 rege
1408 3303 1483 3368 in
1549 3305 1783 3391 capite,
1825 3304 2096 3372 fuerunt
2161 3305 2234 3370 in
2300 3307 2681 3372 voluntaria

584 3405 931 3472 collatione
992 3404 1285 3491 ejusdem
1346 3407 1535 3494 regis.
1628 3406 1870 3474 Postea
1932 3413 2177 3486 tamen,
2223 3414 2383 3474 ante
2433 3409 2680 3476 adven·

588 3513 733 3574 tum
778 3509 942 3574 dicti
971 3508 1193 3596 legati,
1222 3508 1433 3576 clerus
1462 3531 1581 3596 pro
1610 3510 1743 3576 fine
1789 3511 1968 3577 facto
2013 3533 2161 3578 cum
2206 3533 2358 3598 rege
2402 3511 2680 3578 liberam

589 3611 883 3679 obtinuit
927 3610 1329 3677 electionem.
1420 3614 1709 3698 Accepto
1754 3634 1908 3700 ergo
1953 3613 2259 3702 homagio
2304 3637 2422 3701 per
2463 3637 2683 3705 regem
2709 3627 2852 3705 Κίος
2871 3627 3014 3679 John

588 3715 635 3780 J
640 3714 967 3781 ohannem
1028 3735 1069 3778 a
1144 3712 1461 3779 Pictaviis
1528 3737 1894 3801 regressum
1959 3714 2155 3794 facto,
2224 3718 2480 3806 legatus
2542 3722 2682 3808 regi
2709 3697 2938 3758 reqmoed
2968 3703 3021 3746 ¹⁰

586 3818 849 3885 litteras
894 3815 1281 3902 apostolicas
1325 3817 1735 3898 ostendebat,
1779 3823 1858 3882 ut
1915 3817 2056 3905 ipse
2099 3841 2217 3884 rex
2263 3820 2684 3908 Barengariae
2709 3768 2896 3892 ἓξὲξ
2907 3763 3012 3877 ἔξω.

550 4007 559 4016 .
589 3921 849 4009 reginae,
896 3917 1165 3984 relictae‘
1200 3919 1373 4005 regis
1442 3918 1707 3984 Ricardi
1750 3919 1974 3986 fratris
2039 3921 2161 4002 sui,
2210 3921 2432 3988 dotem
2496 3947 2684 3992 suam
2709 3910 2868 3960 queen
2893 3895 2989 3942 Be-

2707 3961 2955 4028 rongaria.

590 4027 673 4091 de
719 4022 919 4090 tertia
964 4025 1153 4109 parte
1170 4109 1175 4113 ι
1195 4021 1573 4089 reddituum
1618 4022 1902 4110 Angliae,
1949 4046 2148 4110 quam
2207 4024 2429 4091 dotem
2487 4028 2685 4097 dictae
2752 4041 2758 4046 '

594 4125 1011 4214 Barengariae
1040 4128 1193 4211 post
1220 4129 1498 4190 mortem
1532 4125 1795 4212 praefati
1823 4125 2088 4192 Ricardi
2122 4127 2294 4215 regis
2325 4129 2684 4214 detinebat,

593 4233 839 4318 absque
869 4251 1054 4295 mora
1096 4227 1319 4314 aliqua
1360 4227 1662 4318 redderet
1704 4235 1786 4294 ut
1829 4229 2109 4296 deberet.
2201 4231 2456 4311 Quibus
2500 4237 2687 4302 audi-

596 4339 683 4405 tis
726 4357 845 4401 rex
890 4331 1171 4400 nimium
1228 4330 1649 4408 anxiabatur,
1691 4331 2018 4418 praecipue
2068 4355 2190 4421 pro
2235 4335 2684 4408 satisfactione

596 4440 893 4528 praefatae
938 4435 1117 4501 dotis
1161 4433 1374 4500 eidem
1421 4433 1857 4520 Barengariae,
1903 4440 1974 4501 et
2036 4437 2193 4522 quia
2253 4437 2685 4509 interdictum

597 4541 953 4609 secundum
998 4525 1387 4604 mandatum
1448 4537 1878 4625 apostolicum
1943 4540 2128 4605 nullo
2191 4541 2386 4608 modo
2447 4546 2689 4612 resolvi

594 4645 865 4712 deberet
908 4665 1243 4730 quousque
1306 4641 1503 4708 dictae
1549 4640 1970 4730 Barengariae
2015 4643 2098 4709 de
2141 4667 2263 4710 sua
2305 4647 2458 4713 dote
2517 4649 2690 4715 foret

598 4747 1023 4816 satisfactum.
1114 4747 1274 4813 Post
1330 4747 1469 4814 haec
1528 4747 1749 4829 etiam,
1795 4752 2144 4815 revocatus
2196 4755 2297 4817 est
2339 4773 2381 4816 a
2425 4751 2689 4822 domino
