3519 5734
1325 821 1525 870 Anni
1568 819 1786 870 AssAs
1831 821 2130 890 mimus„
2644 808 2768 872 141

672 995 977 1082 pervenit
1020 1000 1090 1061 et
1134 995 1372 1060 aulam.
1465 995 1557 1061 Et
1615 1017 1765 1061 cum
1826 996 1900 1060 in
1965 995 2119 1060 aula
2163 994 2340 1060 solus
2384 993 2525 1078 ejus
2567 995 2779 1060 admi·
2802 1019 2960 1070 Finds
2981 1016 3114 1071 himss

672 1119 828 1162 rans
894 1101 1295 1162 structuram
1354 1097 1767 1182 aliquamdiu
1831 1097 2242 1184 persedisset,
2313 1117 2459 1161 ecce
2524 1099 2602 1161 15
2649 1095 2780 1161 viri
2803 1086 2976 1204 {05³³
2998 1102 3030 1137 ¹²

672 1198 863 1284 quasi
904 1197 1189 1284 religiosi
1249 1200 1516 1263 domum
1569 1199 2008 1264 intraverunt.
2123 1197 2272 1277 Qui,
2335 1219 2486 1263 eum
2533 1198 2605 1261 in
2649 1198 2780 1263 fide
2805 1231 2858 1282 Is
2879 1234 3082 1286 vax-ned

660 1301 909 1390 ⁸fortius
953 1300 1431 1378 confirmantes
1478 1304 1913 1387 temptatores
1957 1301 2274 1385 quosdam
2321 1299 2382 1364 ei
2429 1307 2780 1366 eventuros
2805 1299 2868 1378 Οἵ
2879 1298 2964 1348 his

672 1401 1167 1487 praedicebant„
1218 1405 1287 1466 et
1361 1402 1633 1466 omnino
1712 1402 1775 1467 ei
1848 1422 2216 1494 regressum
2292 1400 2778 1468 dissuadebant.
2803 1365 3076 1482 ἷᾷἶιέῃδῖε-

672 1502 818 1568 Illis
862 1504 1129 1589 quidem
1173 1503 1465 1590 egressis,
1497 1525 1647 1568 cum
1677 1503 1859 1570 solus
1901 1504 1976 1568 in
2022 1503 2215 1568 domo
2251 1503 2523 1582 sederet,
2557 1504 2778 1570 subito
2803 1497 3003 1563 ligious.

669 1605 840 1671 circa
884 1606 1152 1670 domum
1197 1606 1399 1692 coepit
1465 1605 1681 1670 audiri
1740 1606 2090 1682 tumultus,
2134 1626 2212 1670 ac
2255 1605 2311 1670 si
2356 1609 2542 1670 totus
2603 1606 2780 1671 orbis

664 1713 739 1774 et
806 1708 1113 1773 universa
1174 1707 1250 1772 in
1316 1728 1393 1773 eo
1460 1712 1774 1772 contenta
1833 1713 2272 1772 moverentur.
2386 1706 2605 1784 Unde,
2647 1708 2780 1772 nisi

672 1811 901 1875 divina
962 1810 1217 1875 virtute
1292 1814 1362 1874 et
1434 1809 1874 1875 instructione
1936 1810 2261 1874 dictorum
2335 1812 2414 1874 15
2485 1810 2779 1875 virorum

671 1917 1141 1999 protegeretur,
1192 1913 1337 1998 ipso
1404 1911 1705 1976 tumultu
1774 1915 2200 1977 averteretur.
2240 1978 2247 1986 ,
2295 1911 2386 1976 Et
2429 1932 2572 1977 ecce
2631 1912 2782 1977 hor-

669 2036 894 2079 rorum
938 2013 1209 2079 auditus
1250 2013 1433 2078 visus
1493 2013 1868 2080 horribilior
1929 2013 2304 2078 daemonum
2371 2013 2778 2098 sequebatur,

668 2118 894 2202 Atque
940 2115 1003 2180 ei
1046 2116 1512 2182 cachinnantes
1564 2114 1831 2181 vivifico
1893 2115 2188 2180 adventu
2233 2137 2352 2181 suo
2412 2117 2776 2202 congaude-
2803 2127 3030 2180 Demons

667 2218 850 2294 bant,
932 2239 1297 2304 regressum
1392 2217 1839 2303 deceptorium
1912 2221 2141 2282 tamen
2214 2217 2276 2280 ei
2351 2218 2772 2301 procurando
2799 2197 3116 2314 ξξζῗιῖῐζὴο

669 2319 1019 2386 Daemones
1064 2325 1305 2400 autem,
1352 2340 1421 2384 se
1482 2320 1816 2385 contemni
1861 2324 2218 2398 cernenteS,
2265 2323 2657 2384 struxerunt
2701 2319 2774 2383 in
2798 2326 2909 2379 into
2930 2344 2962 2380 a
2981 2330 3090 2382 fire.

666 2421 895 2487 eadem
970 2421 1164 2487 domo
1259 2421 1625 2486 maximum
1714 2419 2002 2485 incendii
2094 2441 2348 2506 rogum,
2423 2420 2775 2506 ligatisque

666 2524 977 2588 manibus
1054 2528 1124 2587 et
1196 2522 1491 2608 pedibus,
1565 2522 1850 2588 militem
1949 2521 2022 2584 in
2112 2520 2268 2607 igne
2342 2521 2772 2607 projecerunt.

670 2625 989 2690 Primitus
1051 2644 1205 2710 ergo
1268 2625 1507 2689 missus
1573 2623 1646 2687 in
1708 2624 1933 2710 ignem
1995 2643 2195 2709 grave
2239 2622 2444 2687 sensit
2489 2628 2776 2688 tormen-

668 2731 831 2792 tum.
925 2726 1094 2792 Oum
1159 2726 1336 2790 enim
1398 2725 1762 2790 adversarii
1823 2747 1974 2790 eum
2019 2723 2326 2790 incendio
2371 2729 2774 2809 torquerent,
2798 2721 2880 2772 He
2902 2723 3025 2774 caus

667 2828 763 2915 pii
807 2828 1019 2894 Jhesu
1062 2849 1302 2893 nomen
1363 2827 1719 2908 invocavit,
1766 2832 1853 2908 et,
1899 2827 2094 2893 citius
2139 2827 2436 2893 extincto
2481 2827 2770 2893 incendii
2797 2791 3112 2907 ffigng-esus,

666 2953 843 3017 rogo,
874 2930 957 2995 de
1000 2931 1211 3016 primo
1239 2931 1509 2996 illorum·
1533 2931 1790 2996 assultu
1831 2935 1933 2996 est
1975 2929 2306 2996 liberatus
2401 2931 2548 3009 Quo
2577 2930 2751 2997 facto
2795 2936 2944 2985 08988
2966 2924 3052 2976 ²¹²⁰

2752 2982 2768 3009 2

668 3032 855 3098 miles
896 3033 1202 3097 audacior
1244 3038 1345 3098 est
1376 3033 1661 3098 effectus,
2795 2988 2984 3042 flames.

692 3364 849 3432 GAP.
900 3365 1230 3431 XXXIII.
1278 3364 1376 3429 De
1412 3362 1641 3449 poenis
1683 3362 1982 3449 ejusdem
2024 3364 2419 3450 puwyatoreli
2463 3372 2522 3431 et
2563 3387 2725 3451 pro-

1394 3466 1737 3552 9ressio‘ne
1781 3465 2055 3532 militis.

759 3660 1226 3745 Relinquentes
1294 3659 1621 3725 daemones
1666 3659 1936 3725 domum
1983 3682 2200 3725 secum
2257 3663 2539 3727 militem
2582 3668 2768 3727 trax·
2796 3658 3019 3777 sslggsde·

663 3769 878 3827 erunt.
940 3760 1113 3825 Aliis
1156 3762 1243 3826 ab
1288 3760 1436 3826 aliis
1482 3761 1984 3841 discedentibus,
2020 3763 2293 3847 quidam
2322 3764 2588 3830 illorum
2619 3787 2769 3829 eum
2797 3792 2952 3858 hun-5
2975 3794 3082 3843 him

666 3887 785 3951 per
858 3870 1118 3927 vastam
1190 3863 1526 3949 regionem
1600 3862 2014 3929 tenebrosam
2108 3870 2460 3931 traxerunt
2543 3889 2771 3931 versus
2795 3860 3016 3977 {hvrgggh

664 3968 1004 4043 orientem,
1050 3970 1118 4029 et
1160 3964 1317 4029 inde
1363 3964 1784 4030 dextrorsum
1845 3972 2304 4033 convertentes
2365 3990 2482 4054 per
2525 3969 2768 4033 vallem
2793 3993 2976 4057 valley.

633 4067 1055 4147 ,latissimam
1099 4070 1329 4131 contra
1372 4071 1674 4131 austrum
1734 4068 2118 4133 tendebant.
2211 4070 2508 4156 Illuc-que
2568 4071 2768 4156 coepit
2793 4075 2876 4124 He
2897 4075 3044 4127 hears

660 4171 852 4257 quasi
892 4169 1081 4255 vulgi
1124 4168 1335 4233 totius
1393 4173 1589 4233 terrae.
1647 4169 2046 4235 miserrimos
2107 4171 2435 4249 clamoreS,
2481 4172 2768 4257 ejulatus
2791 4142 3106 4273 {iigssgana

664 4278 736 4337 et
763 4272 979 4351 fletuS,
1012 4268 1263 4335 audire.
1348 4269 1643 4334 Tandem
1674 4275 1894 4336 tractu
1940 4274 2318 4338 daemonum
2364 4274 2440 4338 in
2482 4273 2771 4360 largissi-
2793 4286 2827 4336 f.
2857 4291 2934 4336 15.

664 4395 846 4439 mum
910 4373 1214 4459 pervenit
1277 4394 1598 4458 campum,
1643 4372 1830 4459 cujus
1893 4374 2059 4439 fines
2125 4396 2261 4440 non
2327 4375 2549 4462 potuit
2615 4398 2770 4442 con·
2793 4366 2941 4483 {ix-gnis
2953 4432 3013 4482 ht
3033 4439 3086 4483 to

668 4476 987 4561 templari.
1114 4474 1243 4539 Ille
1331 4474 1557 4561 itaque
1633 4497 1902 4562 campus
1968 4476 2349 4542 hominibus
2423 4478 2766 4564 utriusque
2792 4513 2824 4547 a
2845 4448 3035 4548 bogud-

664 4599 863 4643 sexus
907 4582 976 4643 et
1019 4578 1241 4643 aetatis
1284 4578 1484 4643 nudis
1529 4578 1601 4642 in
1645 4582 1822 4643 terra
1871 4578 2246 4662 jacentibus
2308 4580 2538 4666 plenus
2582 4584 2725 4646 erat
2753 4604 2768 4660 ;
2793 4565 3070 4682 ffissessffiin’
