3519 5734
1300 833 1499 886 AnAu
1541 831 1762 885 ABBAs
1805 831 2088 884 rmus,
2649 815 2738 878 89

678 1105 822 1174 VI.¹
870 1104 971 1172 De
1010 1102 1403 1191 yenealoyia
1444 1099 1794 1169 nobiliumn
1808 1099 1838 1138 ²
1880 1099 2208 1169 comitum
2249 1039 2710 1181 Albemarliae,

1234 1204 1707 1293 fumdatoruan
1742 1193 2156 1271 nostroman.

736 1361 881 1440 Sed,
925 1361 1084 1447 quia
1126 1359 1266 1446 ipse
1310 1357 1708 1425 Willielmus
1734 1357 1799 1422 le
1830 1356 2038 1423 Groos
2067 1378 2280 1423 comes
2323 1357 2746 1426 Albemarliae

646 1468 869 1530 noster
930 1461 1245 1527 fundator
1310 1459 1459 1538 fuit,
1514 1441 1612 1524 'ut
1669 1447 2034 1546 praefertur,
2104 1463 2315 1526 restat
2380 1482 2557 1526 nunc
2577 1460 2604 1498 ³
2663 1462 2744 1526 de

647 1565 787 1650 ejus
831 1562 1353 1630 antecessoribus
1398 1562 1668 1649 ejusque
1688 1559 1715 1597 ⁴
1754 1558 2110 1627 heredibus
2153 1561 2506 1649 praeclaris,
2551 1564 2748 1630 comi·

644 1667 828 1733 tibus
876 1664 1295 1731 Albemarliae
1340 1670 1409 1730 et
1455 1663 1737 1729 dominis
1783 1663 1863 1729 de
1893 1663 2376 1744 Holdernesse‚⁵
2418 1667 2749 1755 paulisper
2774 1682 3067 1749 Genealog'y

647 1769 1009 1846 attendere,
1039 1789 1203 1854 quos
1246 1767 1539 1832 breviter
1596 1765 1976 1831 intenditur
2049 1767 2379 1834 memoriae
2424 1789 2749 1834 commen-
2771 1749 2834 1866 g}
2845 1751 3082 1868 {fbgffrl‘

649 1873 819 1937 dare.
868 1869 1102 1937 Comes
1129 1871 1463 1956 quondam
1484 1867 1883 1956 Campaniae,
1911 1889 2113 1956 nepos
2128 1870 2304 1957 regis
2325 1870 2747 1951 Francorum,
2771 1885 2942 1945 mule,

647 1973 937 2039 habebat
1003 1971 1331 2058 quendam
1412 1969 1644 2048 filium,
1708 1969 1992 2036 militem
2065 1973 2416 2060 egregium,
2488 1975 2750 2040 nomine
2773 1950 2990 2068 {fffflggf

652 2076 966 2142 Odonem.
1058 2073 1209 2154 Qui,
1252 2077 1523 2160 propter
1564 2070 1993 2138 homicidium
2038 2072 2139 2158 cuj
2147 2075 2376 2140 usdam
2419 2076 2750 2163 magnatis
2773 2099 2903 2136 neas.

649 2183 843 2243 terrae
905 2174 1099 2255 illius,
1167 2175 1322 2241 inde
1404 2173 1681 2260 fugiens,
1763 2174 1849 2238 ad
1917 2173 2347 2242 Willielmum
2427 2177 2750 2258 Nothum,

508 2327 521 2336 .
652 2279 765 2366 qui
856 2277 987 2343 fuit
1084 2278 1227 2343 dux
1324 2275 1393 2341 N
1395 2275 1759 2341 ormanniae
1829 2279 1900 2341 et
1978 2281 2206 2363 postea
2278 2300 2398 2344 rex
2469 2281 2750 2368 Angliae,

653 2380 973 2468 pervenit.
1067 2380 1286 2457 Porr0,
1336 2378 1775 2464 coadjuvante
1838 2377 2089 2444 dictum
2189 2379 2485 2447 Odonem
2547 2383 2757 2448 archi-

655 2485 955 2571 episcopo
1000 2471 1520 2568 Rothomagensi
1565 2502 1722 2567 erga
1767 2473 2002 2567 'ipsum
2044 2485 2265 2570 regem
2309 2481 2756 2564 willielmum,

655 2586 841 2651 dedit
882 2584 946 2650 ei
990 2584 1303 2671 praefatus
1346 2605 1465 2648 rex
1506 2603 1796 2650 sororem
1823 2603 2011 2646 suam
2054 2583 2126 2648 in
2169 2604 2460 2652 uxorem.
2567 2586 2754 2653 Post-

657 2709 857 2774 quam
918 2690 1143 2752 autem
1219 2683 1563 2751 celebratae
1656 2689 1815 2749 sunt
1893 2686 2175 2771 nuptiae,
2270 2684 2420 2756 Odo,
2492 2690 2756 2776 rogavit

658 2789 940 2853 eundem
982 2787 1535 2875 archiepiscopum
1605 2790 1686 2850 ut
1746 2791 2127 2874 suggereret
2188 2789 2327 2877 regi
2391 2790 2548 2856 dare
2629 2793 2757 2858 sibi

658 2890 837 2956 unde
881 2912 1154 2955 uxorem
1201 2912 1386 2955 suam
1455 2889 1628 2955 alere
1672 2895 1894 2978 posset
1930 2915 1948 2969 ;
2005 2896 2075 2956 et
2134 2894 2440 2980 exposuit
2483 2896 2546 2960 ei
2606 2918 2756 2960 cau-

658 3015 799 3059 sam
848 2979 1049 3081 quaoee
1096 2993 1178 3057 de
1212 2997 1421 3059 'terra
1486 3014 1605 3057 sua
1660 2991 2062 3078 jampridem
2109 2994 2432 3081 fugisset.⁰
2551 2996 2758 3063 Dedit

658 3117 813 3182 ergo
844 3092 871 3130 ⁷
912 3117 1034 3160 rex
1095 3094 1273 3160 dicto
1337 3092 1556 3159 Odoni
1622 3094 1906 3160 insulam
1967 3096 2048 3161 de
2109 3096 2558 3165 Holdernesse.
2669 3101 2760 3167 Et

658 3198 797 3285 ipse
840 3198 1015 3263 idem
1062 3196 1579 3283 archiepiscopus
1625 3196 1814 3262 dedit
1880 3197 2093 3263 eidem
2153 3199 2372 3266 Odoni
2416 3202 2760 3268 civitatem

659 3300 1099 3376 Albemarliae,
1148 3305 1226 3365 ut
1288 3300 1361 3363 in
1425 3299 1958 3386 expeditionibus
2002 3307 2173 3366 esset
2217 3302 2507 3387 ejusdem
2553 3306 2763 3370 archi-

662 3403 946 3490 episcopi
975 3402 1263 3489 signifer,
1309 3422 1458 3466 cum
1505 3400 1728 3467 decem
1775 3400 2115 3467 militibus.
2204 3402 2494 3471 Dederat
2537 3412 2762 3474 autem

660 3504 975 3592 praefatus
1056 3526 1175 3570 rex
1222 3500 1470 3569 dictam
1515 3502 1806 3567 insulam
1874 3504 1957 3569 de
1977 3502 2004 3539 ⁸
2048 3504 2487 3573 Holdernesse
2519 3509 2714 3596 prius
2736 3508 2764 3547 ⁹

663 3606 866 3671 militi
910 3605 1171 3671 cuidam
1232 3605 1422 3671 valde
1484 3604 1689 3692 probo
1754 3609 1824 3671 et
1882 3606 1956 3671 in
2023 3608 2224 3673 armis
2285 3609 2582 3696 probate,
2647 3614 2765 3699 qui

664 3730 815 3774 cum
857 3708 1001 3792 ipso
1046 3708 1121 3771 in
1162 3706 1480 3794 Angliam
1524 3713 1821 3789 venerat,
1870 3706 2177 3795 Drugoni
2222 3710 2304 3776 de
2346 3712 2416 3777 la
2459 3713 2764 3795 Bouerer,

667 3807 1075 3888 Flandrensi‚
1149 3808 1265 3894 qui
1338 3810 1714 3875 construxit
1825 3810 2172 3877 castellum
2261 3812 2344 3879 de
2431 3814 2766 3904 Skypse.¹⁰

630 3910 935 3977 ‘Habuit
1001 3916 1228 3975 autem
1296 3908 1472 3975 idem
1534 3909 1768 3999 Drugo
1827 3933 2102 3978 uxorem
2171 3916 2517 4001 quandam,
2594 3919 2768 4007 regis

666 4017 1033 4101 cognatam,
1079 4033 1277 4098 quam
1324 4012 1541 4078 omine
1585 4012 1879 4080 infausto
1935 4016 2288 4085 interemit.
2379 4018 2541 4086 Post
2583 4021 2768 4108 cujus

736 4258 751 4288 ¹
786 4256 900 4306 The
921 4252 1133 4306 seventh
1155 4254 1361 4317 chapter
1381 4252 1437 4302 in
1458 4252 1523 4305 P.
1829 4257 1850 4286 ⁰
1881 4256 2034 4309 Aster
2055 4259 2277 4326 fuqiseet
2309 4260 2498 4323 insert.
2517 4260 2608 4313 Ad
2649 4278 2768 4329 sug-

734 4334 755 4365 *
786 4332 1038 4399 nobilium]
1074 4332 1445 4397 praeclarorum,
1467 4331 1527 4383 P.
1730 4332 1740 4343 ‘
1764 4336 2028 4403 gestionen
2053 4354 2174 4405 ergo
2189 4340 2570 4409 archiepiscopi,
2591 4344 2652 4395 P.

737 4415 757 4443 ⁸
788 4412 939 4463 After
979 4428 1109 4461 nunc
1154 4417 1213 4462 ut
1246 4409 1301 4460 in
1340 4410 1439 4469 E.;
1498 4410 1675 4461 erased
1813 4418 1850 4447 ν’
1883 4417 2019 4483 erqo]
2057 4417 2207 4479 idem,
2229 4418 2292 4469 P.

671 4490 727 4543 in
750 4492 813 4545 P.
1154 4483 1165 4495 ⁹
1833 4496 1854 4525 ⁸
1884 4494 2062 4546 dictam
2104 4496 2312 4549 insulaezm
2364 4500 2449 4568 de]
2508 4504 2770 4571 praescrip-

739 4574 759 4603 ⁴
791 4572 1012 4639 eiusque]
1050 4578 1102 4624 et
1123 4572 1245 4635 suis,
1265 4571 1329 4625 P.
1765 4580 1887 4636 tam,
1907 4576 1971 4625 P.

742 4654 763 4683 ⁸
796 4652 995 4704 dominia
1016 4650 1438 4719 defluum-nme]
1465 4652 1677 4705 omitted
1833 4652 1853 4681 ⁰
1879 4650 2056 4716 prius]
2093 4652 2340 4718 perprius,
2362 4654 2422 4705 P.

676 4732 733 4781 in
754 4731 813 4783 P.
1838 4728 1876 4759 ¹⁰
1913 4727 2130 4796 Skypoe]
2170 4730 2410 4798 Skypsee,
2430 4734 2492 4787 P.
