3519 5734
775 832 854 893 21
867 833 907 894 2
1299 844 1669 894 rmmpros
1711 842 1931 893 AssAs
1978 843 2351 895 SECUNDUS.

775 1118 934 1183 CAP.
983 1116 1171 1182 XXI.
1217 1114 1318 1182 De
1385 1116 1580 1183 obitu
1650 1116 2007 1184 Wilziebmi
2068 1117 2277 1185 Groos
2342 1113 2613 1183 comitis
2670 1112 2871 1179 Aloe-

949 1218 1224 1287 'marlioe
1251 1218 1666 1305 fundatoris
1709 1220 1937 1287 ‘nostri
1956 1247 1982 1299 ‚-
2028 1227 2091 1287 et
2134 1219 2215 1285 de
2244 1218 2645 1285 Baldewivw
2692 1215 2872 1283 Gan-

951 1321 1300 1388 tua‘mlensi
1335 1320 1858 1409 archiepiscopo,

439 1478 736 1537 A.D.117s
864 1474 1054 1540 Circa
1141 1474 1284 1539 haec
1369 1478 1673 1563 tempora
1745 1474 2145 1541 Willielmus
2218 1474 2281 1539 le
2358 1474 2569 1541 Groos
2658 1492 2873 1538 comes

439 1552 622 1687 3¹⁸⁸·
769 1576 1223 1656 Albemarliae,
1253 1575 1572 1642 fundator
1613 1582 1855 1657 noster,
1888 1580 1972 1645 29
2004 1600 2178 1643 anno
2222 1581 2374 1665 post
2412 1575 2872 1642 fundationem

437 1640 698 1770 wssiffissf
771 1686 1070 1747 nostram
1143 1679 1335 1761 obiit,
1405 1684 1476 1744 et
1547 1682 1725 1768 apud
1788 1680 2241 1746 Thorntonam
2316 1685 2418 1746 est
2484 1678 2875 1745 tumulatus,

436 1773 628 1890 ffisseffi
681 1842 700 1892 1
773 1782 906 1847 Hic
971 1782 1284 1849 fimdavit
1345 1781 1648 1847 abbatias
1693 1782 1926 1848 Sancti
1970 1782 2251 1847 Martini
2302 1782 2385 1848 de
2426 1782 2727 1848 Auxiaeo
2770 1780 2875 1845 ni-

625 1856 684 1892 n
701 1858 744 1893 e.
772 1907 1040 1972 grorum
1105 1885 1574 1951 monachorum
1631 1884 1836 1971 juxta
1878 1884 2355 1950 Albemarliam
2398 1885 2471 1949 in
2516 1884 2874 1971 Pykardia,

773 1986 1038 2052 Sanctae
1085 1987 1320 2069 Mariae
1383 1988 1465 2054 de
1511 1987 1900 2052 Th0rntona
1948 1987 2351 2075 regularium
2396 1986 2874 2061 canonicorum,

772 2095 844 2155 et
906 2090 1381 2155 monasterium
1446 2089 1732 2156 Sanctae·
1774 2088 2005 2155 Mariae
2069 2090 2152 2155 de
2216 2088 2407 2155 Valle
2462 2088 2589 2154 Dei
2656 2093 2725 2153 et
2791 2086 2873 2151 de

437 2201 540 2253 His
561 2205 680 2283 rqli-
771 2191 984 2258 Melsa
1025 2193 1160 2258 ista
1205 2193 1456 2259 ordinis
1503 2192 1970 2258 Cisterciensis.
2064 2193 2214 2281 Ipse
2260 2215 2411 2259 cum
2472 2190 2747 2279 belliger
2806 2196 2875 2256 et

435 2284 654 2403 3239έέ
663 2355 731 2389 on
770 2295 913 2360 dux
982 2295 1312 2361 exercitus
1373 2294 1783 2381 temporibus
1849 2294 2183 2382 requisitis
2256 2294 2607 2371 extitisset,
2670 2299 2742 2357 et
2800 2294 2873 2357 in

433 2402 519 2453 the
535 2420 744 2471 prayer:
766 2396 936 2462 mari
980 2397 1471 2463 transfietando
1515 2401 1949 2484 tempestates
1993 2402 2352 2463 nocturnas
2396 2402 2465 2463 et
2494 2395 2873 2484 repentinas

435 2470 498 2520 οἵ
513 2472 599 2521 ‘¹¹⁰
766 2500 826 2564 ei
902 2521 1050 2565 cum
1141 2498 1278 2565 suis
1365 2498 1789 2586 naufragium
1878 2499 2212 2565 minantes
2286 2521 2461 2587 saepe
2532 2518 2872 2585 perpessus

767 2601 1016 2683 fuisset,
1048 2602 1294 2668 eisdem
1323 2602 1838 2687 tempestatibus
1867 2600 2350 2687 ingruentibuS‚
2374 2606 2633 2667 noctem
2669 2620 2873 2685 usque

766 2704 856 2769 ad
900 2704 1044 2789 ejus
1089 2704 1376 2769 mediam
1423 2704 1548 2768 sub
1595 2725 1710 2789 spe
1755 2704 2127 2768 insomnem
2172 2704 2555 2770 deducebat.
2648 2702 2873 2767 Media

430 2817 466 2870 f.
491 2821 553 2872 27
573 2818 618 2871 ὁ.
773 2810 1000 2872 autem
1047 2811 1244 2872 nocte
1287 2806 1597 2883 irruente,
1647 2827 1780 2892 qua
1824 2805 2129 2872 monachi
2176 2806 2279 2873 sui
2324 2805 2552 2872 Sancti
2598 2803 2873 2870 Martini

767 2913 838 2973 et
903 2909 1202 2974 canonici
1267 2908 1374 2972 sui
1435 2908 1519 2972 de
1580 2907 1972 2974 Thorntona
2034 2910 2122 2974 ad
2160 2897 2542 2974 'nocturnas
2606 2908 2873 2996 vigilias

765 3031 1032 3097 surgere
1074 3015 1570 3087 consueverant,
1600 3010 1725 3076 sub
1772 3011 2176 3078 confidentia
2206 3011 2527 3099 [precum]
2580 3012 2871 3098 ipsorum

765 3111 1232 3178 monachorum
1323 3118 1393 3178 et
1477 3114 1947 3180 canonicorum
2030 3115 2268 3200 spretis
2363 3112 2872 3200 tempestatibus

765 3215 1053 3280 securius
1081 3215 1472 3283 dormiebat.
1545 3215 1738 3281 Circa
1781 3215 2213 3302 gallicantum
2258 3217 2544 3303 quidem,
2590 3215 2871 3302 peractis

767 3317 1234 3383 monachorum
1278 3322 1365 3384 et·
1393 3319 1857 3384 canonicorum
1900 3318 2365 3406 praedictorum
2410 3318 2676 3406 vigiliis,
2722 3339 2871 3383 cum

767 3420 1113 3506 evigilaret
1179 3421 1302 3486 sub
1365 3421 1767 3487 confidentia
1822 3422 2199 3488 orationum
2258 3423 2729 3489 monachorum
2790 3421 2873 3488 de

765 3522 960 3588 Valle
1007 3522 1135 3588 Dei
1180 3529 1250 3588 et
1314 3523 1398 3590 de
1444 3523 1672 3602 Melea,
1721 3525 1839 3611 qui
1900 3525 2047 3612 ipsa
2108 3525 2273 3592 hora
2330 3527 2545 3592 noctis
2588 3525 2674 3591 ad
2720 3545 2871 3590 suas

767 3625 1038 3712 vigilias
1085 3625 1288 3692 etiam
1333 3647 1598 3714 surgere
1649 3625 2071 3706 festinarunt,
2118 3629 2355 3715 spretis
2411 3629 2659 3694 iterum
2703 3632 2873 3692 tem-

765 3727 1156 3814 pestatibuS,
1187 3729 1327 3796 sive
1372 3729 1761 3794 somniando
1806 3729 1949 3795 sive
1992 3730 2331 3818 vigilando
2377 3730 2553 3797 diem
2581 3729 2874 3796 securius

435 3825 643 3908 change
663 3828 726 3878 of
767 3827 1206 3916 expectabat.¹
1299 3831 1501 3897 Anno
1545 3836 1771 3897 autem
1818 3839 2150 3920 sequente,
2194 3839 2349 3921 post
2408 3834 2547 3920 ejus
2594 3833 2874 3910 obitum,

433 3893 520 3944 the
541 3911 673 3945 ⁰⁰¹²
767 3954 890 3999 rex
963 3938 1300 3998 monetam
1369 3955 1554 3998 suam
1620 3934 1694 3998 in
1755 3935 2007 4022 Anglia
2066 3937 2315 4002 mutari
2387 3938 2687 4005 faciebat.
2779 3935 2870 4000 Et
2893 3945 3199 4066 sslssfflnpt.

431 4021 744 4142 {sumita
769 4035 960 4122 regni
1003 4035 1205 4120 hujus
1267 4035 1441 4122 regis
1485 4057 1664 4102 anno
1712 4039 1819 4118 28,
1868 4053 2100 4104 mortuo
2154 4047 2411 4105 Ricardo
2462 4049 2871 4106 cantuariensi

433 4163 488 4206 to
509 4157 595 4208 the
617 4173 700 4208 „ee
769 4138 1226 4209 archiepiscopO,
1271 4139 1557 4194 successit
1603 4138 1660 4194 ei
1695 4138 2071 4197 Baldewinns
2106 4147 2247 4197 tunc
2280 4142 2710 4215 wigorniensis
2750 4144 2872 4214 epi-

431 4223 493 4272 of
507 4223 715 4275 Canter-
770 4239 1000 4292 scopus,
1028 4220 1345 4276 monachus
1363 4220 1386 4252 ²
1409 4221 1837 4288 cisterciensis,
1866 4225 2153 4296 quondam
2180 4226 2356 4282 abbas
2380 4227 2453 4282 de
2482 4223 2775 4298 [Forda]‚³
2798 4227 2869 4281 de

431 4290 579 4356 bm’y·
771 4321 1060 4359 consensu
1108 4304 1273 4374 regis
1325 4309 1386 4359 et
1420 4305 1684 4360 omnium
1719 4307 2146 4380 episcoporum,
2183 4309 2638 4368 reclamantibus
2674 4315 2869 4366 tamen

841 4522 854 4552 ¹
892 4521 1005 4570 The
1037 4521 1196 4573 entire
1230 4538 1456 4588 passage,
1480 4526 1612 4575 from
1648 4527 1770 4592 Ipse
1935 4532 1957 4562 ²
1987 4530 2272 4600 monachus]
2330 4532 2495 4598 primo
2548 4532 2758 4591 ordinis,
2814 4532 2868 4584 J.

769 4617 876 4650 cum
905 4608 959 4651 to
980 4599 1286 4666 arpa-tabat,
1307 4602 1352 4652 is
1367 4603 1422 4652 in
1445 4603 1531 4654 the
1543 4605 1768 4670 Egerton
1868 4609 1931 4662 B.

767 4679 882 4732 MS.
904 4680 1125 4732 inserted
1147 4680 1202 4730 in
1222 4682 1309 4733 the
1331 4682 1471 4733 sixth
1486 4683 1692 4750 chapter
1713 4688 1779 4736 of
1933 4692 1954 4722 ⁸
1987 4691 2159 4744 Blsnk
2179 4691 2237 4744 in
2257 4691 2371 4745 MS.

775 4761 957 4823 Adam,
978 4760 1087 4812 first
1109 4761 1274 4814 abbot.
1345 4761 1442 4816 See
1459 4779 1590 4830 page
1611 4771 1692 4818 91.
