3519 5734
481 1076 666 1122 4216.

481 1149 654 1202 Dent-h
673 1151 735 1201 of

480 1217 608 1284 king
629 1217 722 1268 Ri-

481 1287 637 1336 ehu-d
659 1286 700 1337 1.

482 2319 515 2372 s.
543 2325 624 2374 38.

819 813 953 878 350
1339 821 1761 874 sumnum
1804 819 2025 872 ABsAs
2070 823 2403 884 oms-rus

393 1025 400 1031 ·
481 1002 620 1056 ΑΒ.
650 1009 776 1056 1199
817 996 1039 1062 tionem
1075 995 1190 1052 Dei
1223 997 1638 1070 omnipotentis
1673 1003 1736 1055 et
1770 1017 1938 1055 suam
1979 999 2326 1056 terribiliter
2358 999 2690 1070 imprecans
2724 999 2783 1052 ei
2820 999 2921 1068 qui

817 1080 1016 1152 ipsum
1051 1080 1515 1137 Praedicatorum
1563 1082 1829 1138 ordinem
1864 1087 2232 1138 terrenarum
2284 1082 2628 1140 divitiarum
2678 1082 2923 1154 pulvere

817 1171 1202 1236 praesumeret
1236 1165 1552 1220 maculare.
1649 1166 1821 1222 Anno
1867 1167 2069 1238 itaque
2123 1167 2361 1221 Domini
2396 1167 2557 1232 1199,
2596 1165 2823 1221 decimo
2864 1173 2923 1220 et

815 1248 1027 1304 ultimo
1062 1247 1304 1304 Bicardi
1355 1249 1520 1322 regis
1573 1250 1771 1321 primi,
1806 1250 1880 1306 de
1932 1269 2048 1322 quo
2099 1251 2509 1323 praescriptum
2562 1256 2671 1316 est,
2708 1249 2926 1322 Wydo-

817 1349 1016 1388 marus
1040 1333 1367 1390 vicecomes
1393 1333 1831 1390 Lemovicensis
1865 1333 1930 1389 in
1964 1334 2273 1390 Britannia
2292 1335 2537 1400 minore,
2562 1334 2738 1389 homo
2760 1335 2922 1406 regis

800 1408 1076 1483 sicardi,
1115 1416 1349 1473 invento
1383 1417 1674 1474 immenso
1691 1417 1972 1474 thesauro
2008 1419 2139 1482 auri
2162 1425 2224 1475 et
2246 1419 2479 1490 argenti
2501 1420 2565 1474 in
2588 1418 2768 1474 fundo
2792 1437 2919 1484 suo,

815 1501 983 1557 misit
1028 1519 1306 1573 magnam
1355 1501 1618 1558 thesauri
1670 1501 1861 1574 ipsius
1913 1507 2143 1574 partem
2190 1503 2438 1574 praefato
2484 1503 2620 1574 regi
2671 1502 2924 1558 Bicsrdo

815 1585 1052 1641 domino
1087 1603 1213 1642 suo.
1291 1583 1411 1640 Sed
1444 1585 1547 1640 ille
1584 1585 1896 1640 exennium
1929 1587 2246 1651 recusavit,
2285 1585 2485 1641 dicens
2508 1593 2701 1642 totum
2723 1587 2923 1642 deberi

817 1669 933 1724 sibi
985 1669 1060 1725 de
1102 1671 1242 1740 jure
1279 1669 1551 1742 capitalis
1603 1668 2018 1726 dominationis
2070 1687 2216 1726 suae.
2324 1669 2496 1740 Quod
2546 1676 2745 1727 tamen
2792 1688 2925 1726 con-

815 1751 1026 1808 cedere
1061 1753 1222 1808 idem
1255 1752 1583 1810 vicecomes
1637 1753 1965 1810 recusabat.
2041 1753 2407 1826 Quapropter
2454 1772 2560 1810 rex
2612 1754 2920 1820 Bion-dus,

815 1836 1062 1892 collecto
1117 1833 1453 1907 [exercitu],
1510 1836 1743 1892 obsedit
1800 1841 2064 1894 castrum
2114 1837 2480 1894 vicecomitis
2530 1837 2688 1909 quod
2740 1839 2923 1896 Calua

817 1919 1105 1976 Cheverel
1139 1919 1474 1984 vocabatur,
1513 1925 1728 1991 putans
1764 1919 1849 1975 ibi
1883 1921 2231 1976 thesaurum
2265 1921 2460 1977 inesse
2496 1923 2919 1979 absconditum.

817 2004 932 2060 Oui
965 2003 1223 2060 ministri
1258 2003 1440 2059 castri
1473 2003 1716 2075 pacifice
1763 2011 2040 2060 exeuntes
2092 2004 2434 2060 obtulerunt
2480 2011 2742 2061 castrum
2789 2024 2925 2062 cum

816 2085 1119 2154 contentis,
1159 2085 1340 2144 salvis
1377 2086 1604 2144 eisdem
1637 2089 1782 2154 vita,
1833 2089 2014 2145 armis
2051 2094 2113 2144 et
2160 2089 2460 2145 membris.
2534 2089 2757 2147 Renuit
2798 2109 2923 2158 rex,

814 2171 1116 2244 imponens
1165 2170 1290 2228 illis
1342 2175 1412 2226 ut
1457 2171 1772 2228 redeuntes
1820 2171 2076 2228 viriliter
2125 2190 2191 2230 se
2244 2171 2642 2240 defenderent,
2696 2175 2925 2233 minans

816 2274 916 2312 eos
952 2253 1250 2312 hostiliter
1271 2254 1586 2328 capiendos
1623 2261 1684 2312 et
1718 2261 1908 2312 morte
1946 2255 2267 2312 durissima.
2314 2257 2660 2329 puniendos.
2753 2259 2925 2315 Unde

815 2340 1016 2396 moesti
1063 2337 1378 2396 redeuntes
1413 2339 1658 2394 malitiae
1709 2339 1875 2411 regis
1909 2341 2189 2396 resistere
2242 2342 2683 2399 contendebant.
2772 2343 2925 2399 Cum

816 2441 980 2496 ergo,
1019 2423 1116 2481 die
1153 2423 1426 2496 quadam,
1453 2441 1559 2478 rex
1592 2423 1722 2496 ipse
1755 2429 1819 2480 et
1852 2424 1973 2480 dux
1996 2425 2331 2482 Brsbantioe
2366 2427 2620 2484 inermes
2646 2432 2707 2483 et
2728 2428 2925 2483 minus

815 2515 984 2565 caute
1019 2513 1278 2566 casu-um
1311 2506 1647 2573 circuirent,
1685 2511 1755 2563 ut
1788 2507 1918 2580 ejus
1965 2507 2289 2565 infirmiora
2322 2511 2712 2583 explorarent,
2750 2511 2926 2568 balis-

813 2594 1004 2650 tarius
1065 2593 1327 2666 quidam,
1365 2589 1736 2648 Bertrandus
1800 2591 2129 2659 Gordonus,
2168 2593 2356 2650 telum
2413 2593 2430 2616 ⁸
2454 2603 2807 2652 venenatum
2822 2595 2843 2618 ‘
2886 2615 2922 2652 e

815 2685 1008 2734 castro
1053 2677 1337 2750 dirigens,
1375 2694 1582 2750 regem
1635 2677 1697 2732 in
1746 2675 1992 2733 brachio
2039 2677 2391 2735 vulneravit.
2480 2679 2610 2735 Rex
2658 2698 2803 2754 ergo
2850 2681 2925 2737 sd

815 2779 992 2818 suum
1025 2761 1344 2818 tentorium
1377 2778 1688 2832 regressus
1723 2759 2008 2833 praecepit
2040 2767 2110 2818 ut
2158 2767 2417 2818 castrum
2470 2765 2707 2821 omnino
2758 2783 2923 2838 cape-

813 2852 999 2912 retur,
1028 2852 1089 2904 et
1122 2863 1324 2901 omnes
1347 2843 1575 2902 obsessi
1597 2845 2112 2917 suspenderentur,
2140 2852 2381 2920 excepto
2404 2846 2530 2905 solo
2550 2849 2925 2906 vulneratore

817 2948 943 2987 suo·
1013 2930 1268 2987 Tantum
1301 2946 1446 3001 ergo
1468 2930 1761 2986 laboravit
1794 2930 2085 2987 exercitus
2107 2937 2178 2987 ut
2200 2938 2459 2988 castrum
2482 2932 2637 2989 infra
2658 2934 2925 2990 triduum

817 3020 1126 3088 caperetur
1167 3020 1230 3071 et
1250 3014 1555 3071 castellani
1579 3014 2013 3082 occidebantur,
2038 3016 2207 3089 regio
2230 3034 2577 3089 percussore
2598 3026 2918 3075 reservato.

815 3100 897 3156 Et
930 3117 1065 3155 cum
1101 3116 1225 3168 rex,
1266 3103 1524 3155 extracto
1558 3097 1666 3155 teli
1699 3098 1867 3171 ligno
1918 3099 2022 3155 sed
2071 3106 2343 3156 manente
2380 3102 2554 3168 ferr0,
2594 3120 2667 3159 ex
2700 3120 2923 3160 veneno

815 3202 1248 3255 nervorumque
1284 3188 1346 3239 et
1378 3200 1662 3240 venerum
1691 3180 1976 3240 incisione
2012 3184 2047 3239 9
2096 3190 2232 3255 post
2275 3186 2387 3241 hoc
2422 3184 2518 3241 die
2554 3192 2714 3243 esset
2746 3190 2925 3257 mori-

817 3275 1008 3334 turus,
1047 3268 1321 3325 advocari
1355 3266 1495 3323 fecit
1547 3284 1720 3323 suum
1771 3284 2197 3339 percussorem,
2237 3268 2323 3325 sic
2376 3268 2667 3341 inquiens,
2712 3274 2751 3299 “
2766 3271 2923 3342 Quid

821 3356 862 3381 “
897 3370 1158 3425 unquam
1202 3351 1313 3408 tibi
1361 3351 1516 3407 male
1551 3350 1686 3417 feci,
1727 3351 1885 3421 quod
1935 3370 2031 3407 me
2086 3351 2162 3408 sd
2211 3358 2463 3409 mortem
2496 3354 2864 3413 vulnerasti?
2884 3356 2920 3381 ’⁹

817 3436 899 3493 Et
931 3438 1054 3503 ille,
1098 3439 1138 3465 “
1153 3436 1394 3492 Patrem
1429 3452 1629 3490 meum
1665 3442 1726 3492 et
1759 3435 1908 3491 duos
1943 3436 2158 3492 fratres
2192 3454 2355 3493 meos
2404 3440 2693 3507 occidisti,
2720 3448 2783 3498 et
2824 3459 2922 3497 me

823 3524 862 3549 “
899 3521 1073 3577 modo
1108 3518 1374 3576 occidere
1411 3517 1685 3587 voluisti3
1734 3519 1932 3591 placet
1966 3538 2109 3593 ergo
2157 3522 2305 3577 mihi
2341 3540 2748 3597 quamcunque
2800 3544 2923 3598 Ρω-

821 3607 861 3633 “
897 3621 1036 3660 nam
1071 3602 1270 3661 subire
1305 3601 1619 3659 dummodo
1653 3608 1722 3659 tu
1771 3604 2142 3659 occumbas?
2216 3606 2380 3663 Tunc
2428 3626 2550 3675 rex,
2604 3607 2927 3682 perdonatu-

817 3688 876 3745 ei
911 3693 1098 3745 morte
1134 3704 1259 3753 sua,
1313 3686 1499 3759 jussit
1532 3686 1662 3743 dari
1714 3687 1772 3741 ei
1821 3693 2055 3743 centum
2108 3688 2324 3745 solidos
2396 3692 2817 3765 sterlingorum
2862 3700 2927 3750 et

815 3774 1014 3847 ipsum
1046 3768 1303 3828 liberum
1337 3771 1520 3827 abire.
1599 3770 1719 3827 Sed
1765 3771 1885 3827 dux
1917 3771 2255 3829 Brabantioe
2302 3779 2363 3831 et
2416 3775 2725 3833 domestici
2758 3779 2925 3850 regis

815 3858 1014 3931 ipsum
1047 3856 1442 3913 Bertrannmn
1477 3854 1877 3912 discedentem
1924 3858 2491 3929 comprehenderunt
2522 3865 2586 3916 et
2616 3878 2807 3934 usque
2846 3862 2925 3919 ad

815 3942 978 4015 regis
1015 3946 1266 3998 mortem
1303 3946 1700 3997 reservarunt.
1777 3938 1968 4010 Quem
2015 3948 2150 4013 post
2200 3942 2363 4015 regis
2414 3950 2667 4001 mortem
2717 3946 2924 4005 vivum

815 4027 1175 4087 excoriatum
1209 4024 1656 4099 suspenderunt.

817 4252 1056 4314 XVIII.
1094 4252 1183 4311 De
1209 4272 1334 4327 rege
1356 4252 1634 4321 Johanne,
1673 4256 1725 4309 et
1759 4252 1929 4310 tem-ete
1962 4254 2209 4327 pet-dms
2242 4253 2311 4313 ¹⁶02
2334 4257 2601 4329 partam
2634 4264 2917 4318 transm·

959 4338 1150 4405 run-se,-
1188 4336 1256 4393 de
1277 4338 1531 4409 qam-ali
1551 4336 1886 4405 interdicutm
1910 4344 1964 4395 et
1988 4338 2339 4397 libertatibus
2372 4346 2711 4401 mnasterio
2728 4351 2917 4403 nostro

953 4441 1059 4495 per
1106 4422 1301 4497 ipswm
1351 4441 1532 4495 reqem
1564 4420 1883 4478 Johaamem
1935 4426 2242 4493 concessi&
2280 4426 2347 4484 dc
2380 4426 2588 4487 iterata
2635 4431 2917 4504 conquisi-

959 4504 1108 4562 tione
1141 4504 1450 4572 Hibemu'oe,
1490 4510 1542 4562 et
1575 4504 1718 4562 aliis
1753 4506 2103 4565 midemiie.

490 4637 799 4704 usurpatio„
891 4624 1128 4683 Mortuo
1180 4624 1339 4682 dicto
1389 4641 1534 4699 rege
1588 4625 1864 4693 Ricardc,
1922 4626 2219 4687 John-unes
2278 4632 2462 4689 fmter
2520 4652 2665 4691 suus
2718 4635 2920 4707 junior
2988 4606 2995 4610 ν

487 4704 552 4756 of
563 4704 651 4757 the

821 4711 1133 4783 usurpavit
1163 4726 1438 4767 coronam
1471 4709 1664 4783 regni,
1691 4716 1754 4767 et
1786 4713 2016 4784 accepit
2048 4714 2391 4789 homagium
2424 4717 2733 4776 willielmi
2756 4722 2919 4793 regis
