3519 5734
803 809 934 880 278
1410 821 1688 876 'mons
1731 822 1951 876 ABBAs
1993 825 2301 876 mnus.

799 1016 862 1070 et
893 1011 1068 1068 homo
1119 1001 1233 1069 ille
1279 1011 1658 1080 confortatus,
1716 1009 1964 1067 dimisso
2012 1008 2224 1067 itinere
2282 1009 2524 1078 intenta,
2579 1007 2897 1065 Cenoman-

801 1105 960 1162 niam
995 1105 1228 1164 rediens
1245 1107 1262 1141 ¹
1300 1105 1553 1162 Ricardo
1587 1105 1720 1177 regi
1756 1123 1888 1180 quae
1916 1104 2221 1162 audierat²
2252 1105 2476 1174 retulit,
2514 1109 2693 1178 caput
2724 1119 2899 1160 suum

799 1199 1128 1256 ustulatum
1144 1201 1165 1231 ⁸
1199 1199 1471 1268 ostendit,
1519 1195 1592 1257 et
1630 1213 1752 1257 rex
1795 1213 1865 1256 se
1908 1191 2214 1257 correxit.

803 1453 964 1522 CAP.
1011 1452 1264 1518 XXVI.
1341 1453 1440 1520 Dc
1475 1450 1660 1539 fuya
1699 1451 2029 1541 Philippi
2067 1451 2248 1539 regis
2285 1449 2609 1519 Fraawioe
2636 1473 2685 1518 a
2712 1447 2900 1538 facie

975 1556 1156 1643 reyis
1222 1555 1537 1633 Ricardd,
1597 1561 1659 1622 et
1721 1555 1805 1623 de
1854 1579 2023 1644 pace
2088 1555 2275 1622 inter
2332 1575 2437 1622 eos
2482 1554 2851 1637 rosor-mata
2872 1578 2899 1633 ;

980 1660 1062 1726 de
1105 1658 1416 1747 captione
1463 1657 1940 1727 thesaurorum
1988 1657 2169 1746 re9is
2210 1657 2545 1735 Francioe,
2591 1664 2653 1724 et
2694 1662 2902 1746 ponte

987 1761 1278 1830 Gieortii
1307 1762 1550 1849 fracta

470 1917 610 1970 AD·
637 1921 783 1980 1197,
893 1913 1117 1980 Medio
1157 1935 1418 2000 quoque
1461 1917 1775 2003 tempore,
1806 1912 2123 2002 praefatus
2149 1935 2271 1980 rex
2298 1913 2623 1980 Ricardus
2651 1916 2721 1978 et
2750 1911 2903 1976 Bal.

475 1992 718 2116 2¹33„oe
811 2014 1112 2082 dewinus
1141 2017 1472 2084 Flandriae
1503 2038 1716 2084 comes
1743 2039 1864 2103 pro
1891 2039 1961 2082 se
1992 2020 2062 2082 et
2088 2017 2225 2082 suis
2253 2016 2606 2082 heredibus
2633 2019 2903 2103 pactum

471 2133 700 2210 between
806 2125 1127 2206 perpetuo
1172 2120 1569 2186 duraturum
1620 2118 2028 2187 concorditer
2098 2119 2413 2201 inierunt,
2486 2118 2666 2205 quod
2736 2117 2905 2182 alter

433 2199 746 2316 ‘fflghffld-
809 2241 1036 2286 eorum
1079 2221 1290 2301 alteri,
1338 2223 1588 2310 pariter
1631 2227 1700 2288 et
1744 2243 1972 2289 eorum
2016 2221 2304 2300 heredes,
2366 2220 2728 2308 requirenti
2788 2239 2903 2283 seu

471 2331 576 2382 vin
597 2335 753 2382 count
806 2323 1030 2411 potius
1079 2323 1412 2412 indigenti
1469 2324 1800 2391 auxilium
1862 2329 1933 2392 et
1991 2323 2335 2390 consilium
2399 2328 2629 2390 contra
2684 2342 2904 2409 regem

471 2397 702 2514 gglm-
808 2425 1109 2494 Franciae
1139 2428 1214 2494 in
1241 2427 1630 2495 necessitate
1675 2427 2039 2494 exhiberet.
2134 2427 2282 2493 Rex
2311 2430 2539 2494 autem
2583 2425 2905 2492 Ricardus

471 2531 673 2648 ffimt
809 2535 1100 2596 castrum
1129 2529 1362 2598 saneti
1395 2530 1704 2598 walerici
1732 2529 2180 2609 comburebat,
2210 2535 2281 2598 et
2323 2534 2538 2596 totam
2568 2529 2905 2615 circumegi-

609 2613 660 2664 1>-
809 2652 1002 2698 onem
1047 2632 1488 2720 depraedabat.
1579 2632 1821 2700 Postea
1862 2653 2021 2698 vero
2063 2636 2310 2698 terram
2355 2630 2655 2698 Franciae
2697 2632 2905 2697 intro-

809 2756 1070 2821 gressus
1123 2739 1192 2800 et
1238 2735 1504 2802 castella
1558 2736 1643 2801 de
1689 2735 1971 2812 Curtels‚
2016 2735 2100 2801 de
2148 2735 2407 2822 Buryce
2452 2740 2523 2800 et
2573 2736 2657 2800 de
2709 2733 2904 2800 Sure-
2930 2740 2984 2791 J.
3008 2739 3241 2807 Bmmpt.

809 2836 1261 2925 funtaynges,⁴
1303 2859 1422 2925 per
1465 2838 1751 2905 assultus
1795 2837 2168 2925 intercepit.
2240 2837 2454 2925 Capto
2498 2841 2721 2903 autem
2764 2837 2908 2925 ipso
2930 2807 3023 2859 ⁰⁰¹·
3053 2813 3199 2861 ¹²⁷⁶·

471 2932 510 2983 f.
535 2938 618 2985 ⁴⁰·
809 2940 1024 3026 primo
1071 2940 1338 3007 castello
1383 2942 1466 3007 de
1512 2939 1793 3019 Ourtels,
1838 2962 1959 3006 rex
1998 2940 2401 3006 Francorum
2444 2940 2724 3006 audiens
2769 2940 2910 3027 ejus

471 3037 698 3091 Richard
812 3042 1226 3108 obsidionem
1270 3043 1356 3109 ad
1401 3042 1475 3107 id
1498 3041 1526 3081 ⁶
1569 3045 1653 3110 de
1683 3042 2023 3110 obsidione
2066 3042 2482 3109 liberandum
2512 3043 2907 3130 properavit.

475 3121 683 3239 {ffiff
673 3173 783 3225 into
811 3143 946 3211 Sed
988 3143 1128 3232 ejus
1175 3144 1550 3232 captionem
1594 3147 1911 3235 ignorans
1952 3145 2027 3209 in
2070 3144 2357 3211 crastino
2402 3144 2727 3232 captionis
2770 3145 2910 3229 ejus

477 3239 670 3293 &⁸⁰¹2-
806 3245 1024 3313 eidem
1057 3248 1558 3335 propinquavit.
1651 3248 1738 3313 In
1769 3269 1967 3335 quem
2010 3248 2332 3313 Ricardus
2375 3270 2495 3313 rex
2539 3248 2907 3337 Anglorum

807 3348 1124 3429 insiliens,
1172 3372 1324 3416 eum
1367 3372 1578 3437 usque
1635 3349 1722 3416 ad
1783 3349 2148 3417 Gisortium
2209 3350 2500 3437 turpiter
2543 3349 2909 3438 fugientem

807 3453 1234 3540 profugavit3
1292 3458 1494 3539 atque
1539 3474 1689 3519 eum
1734 3462 1877 3519 tam
1923 3452 2162 3518 acriter
2204 3456 2308 3517 est
2349 3453 2685 3519 insecutus
2730 3453 2905 3539 quod

805 3553 1012 3640 ipsius
1055 3554 1230 3642 regis
1287 3552 1692 3621 Francorum
1749 3558 1822 3619 et
1880 3574 2149 3620 suorum
2207 3575 2391 3641 pons,
2434 3576 2554 3640 per
2597 3576 2791 3641 quem
2833 3556 2906 3620 in

809 3655 1174 3722 Gisortium
1245 3657 1527 3723 transire
1595 3656 1946 3734 debebant,
2014 3655 2393 3722 inordinato
2458 3657 2746 3743 pondere
2808 3662 2909 3723 est

807 3754 1193 3826 confractus.
1307 3759 1440 3825 Sed
1499 3780 1650 3847 rege
1715 3757 2031 3840 Franciae,
2095 3757 2302 3824 fracto
2368 3763 2590 3844 ponte,
2654 3760 2774 3824 vix
2835 3760 2907 3824 in

808 3860 1148 3927 civitatem
1193 3883 1404 3941 evam,
1451 3862 1700 3950 viginti
1761 3866 1832 3927 et
1890 3881 1965 3927 eo
2027 3882 2134 3927 am
2139 3861 2309 3949 plius
2352 3861 2599 3928 milites
2642 3862 2725 3927 de
2769 3863 2908 3929 suis

806 3970 1048 4051 praeter
1119 3962 1284 4031 alios
1357 3964 1700 4031 inferiores
1780 3962 1991 4029 fracto
2065 3968 2265 4051 ponte
2337 3968 2497 4030 sunt
2568 3964 2905 4030 submersi.

809 4064 1096 4131 Centum
1141 4066 1386 4133 milites
1430 4070 1501 4132 et
1557 4066 1673 4130 alii
1729 4065 2063 4131 innumeri
2118 4086 2239 4153 per
2284 4064 2642 4131 Ricardum
2684 4088 2906 4154 regem

809 4168 986 4255 capti
1050 4167 1335 4236 fuerunt.
1445 4168 1732 4234 Duoenti
1792 4168 2021 4254 itaque
2089 4168 2243 4255 equi
2307 4169 2661 4257 grossiores
2726 4170 2906 4257 capti

807 4275 980 4349 sunt,
1026 4292 1305 4358 quorum
1350 4277 1616 4338 centum
1667 4270 2018 4359 sexaginta
2073 4269 2343 4339 fuerunt
2386 4271 2559 4339 ferro
2603 4272 2908 4360 cooperti.

871 4487 886 4519 ¹
909 4486 1125 4552 rediens]
1150 4486 1301 4538 rediit
1319 4502 1396 4551 ac,
1418 4488 1471 4539 J.
1489 4488 1552 4539 B.
1896 4500 1957 4536 or
1976 4486 2165 4552 Rom-y,
2188 4488 2339 4539 south
2360 4488 2423 4539 of
2438 4488 2633 4554 Gisors‚
2652 4491 2755 4541 and
2770 4490 2906 4543 Sire-

869 4566 893 4597 ²
912 4565 1166 4633 audierat]
1191 4566 1416 4631 vidisset,
1437 4567 1492 4619 J.
1513 4568 1576 4619 B.
1896 4566 2136 4629 fontaine,
2159 4569 2311 4620 north
2332 4568 2395 4618 of
2408 4567 2603 4621 Gisors.

871 4646 892 4675 ⁸
913 4643 1202 4713 ustulatum]
1229 4645 1542 4699 husfillatum
1560 4645 1616 4699 in
1637 4642 1752 4701 MS.
1960 4648 1981 4679 ⁵
2008 4645 2085 4714 id]
2113 4662 2229 4699 eum
2250 4648 2307 4699 in
2328 4646 2443 4703 MS.

869 4722 890 4752 ⁴
921 4720 1210 4775 Gom-celles
1229 4737 1298 4774 on
1317 4723 1404 4776 the
1432 4722 1599 4787 Scine,
1619 4722 1805 4775 Bouris
