3519 5734
832 840 962 905 406
1396 852 1793 905 curamus
1835 852 2054 903 ABBAs
2099 854 2376 903 SEX-rus,

499 1038 639 1089 ΑΒ.
666 1042 796 1088 1220
842 1028 1027 1094 dedit
1116 1027 1328 1109 nobis,
1408 1049 1559 1092 cum
1648 1048 1914 1115 corpore
2001 1049 2139 1106 su0,
2229 1049 2525 1095 annuum
2604 1028 2946 1095 redditum

500 1109 683 1155 '¹²²¹'
840 1131 1049 1197 trium
1098 1130 1467 1196 solidorum
1512 1134 1581 1196 et
1640 1152 1759 1195 sex
1810 1130 2228 1197 denariorum
2288 1132 2370 1197 de
2429 1134 2714 1219 quodam
2757 1137 2951 1197 tene-

504 1232 728 1309 Second·
840 1238 1063 1299 mento
1138 1233 1211 1297 in
1274 1232 1631 1300 Grovalh'a.
1746 1234 2065 1321 Tempore
2127 1256 2389 1321 quoque
2467 1235 2665 1321 hujus
2737 1235 2944 1300 abba-

506 1304 801 1430 ffirfflffin
840 1335 971 1417 tis,¹
1027 1337 1103 1400 in
1162 1336 1269 1401 die
1332 1336 1769 1415 PentecosteS,
1816 1336 2238 1424 praescriptus
2303 1358 2424 1401 rex
2490 1336 2816 1404 Hem-icus
2879 1340 2944 1415 3,

506 1431 605 1483 111.
840 1460 1015 1505 anno
1062 1438 1248 1526 regni
1314 1440 1416 1503 sui
1481 1442 1539 1514 4,
1602 1462 1643 1503 a
1711 1438 2052 1525 Stephano
2121 1438 2582 1505 cantuariensi
2625 1440 2950 1526 archiepi-

842 1540 1085 1628 scopo?
1128 1545 1476 1607 stemmate
1520 1541 1725 1627 regali
1789 1545 1859 1605 et
1921 1540 2294 1608 diademate
2355 1542 2585 1607 Sancti
2629 1541 2950 1607 Edwardi

845 1646 1018 1732 regis
1060 1643 1421 1731 insignitus
1466 1647 1584 1721 est,
1632 1643 1792 1727 quia
1833 1645 2171 1709 coronatio
2215 1645 2358 1730 ejus
2401 1644 2633 1732 prima,
2675 1651 2950 1733 propter

846 1747 1037 1833 regni
1104 1744 1686 1832 perturbationem,
1754 1744 1976 1811 minus
2044 1746 2405 1811 solenniter
2464 1769 2664 1834 quam
2723 1748 2950 1814 decuit

848 1850 958 1915 vel
1002 1848 1250 1927 debuit,
1297 1869 1415 1933 per
1460 1847 1663 1911 alium
1708 1851 1779 1912 et
1837 1849 1912 1913 in
1969 1848 2100 1914 alio
2141 1850 2282 1917 loco
2329 1871 2527 1935 quam
2571 1871 2712 1916 mos
2755 1851 2950 1937 regni

518 1950 761 2006 Transla-
851 1950 1176 2037 exigebat,
1242 1950 1417 2015 facta
1479 1948 1711 2015 fuerat.
1834 1949 2233 2017 Procedente
2293 1974 2449 2017 vero
2508 1952 2667 2018 inde
2741 1974 2949 2040 parvo
2977 1954 3305 2080 {El-{823²

519 2018 803 2143 “rl'ffissffit’
852 2052 1222 2132 intervall0,
1300 2052 1476 2117 idem
1553 2050 1935 2139 Stephanus
2009 2054 2549 2141 archiepiscopus,
2625 2062 2950 2142 praesente

856 2177 1009 2243 rege
1059 2159 1127 2219 et
1188 2153 1564 2241 proceribus
1605 2156 1812 2242 regni,
1858 2155 2205 2221 transtulit
2265 2156 2585 2223 Sanctum
2630 2158 2954 2225 'rhomam

860 2264 1241 2345 martyrem,
1319 2257 1868 2323 Cantuariensem
1951 2256 2521 2345 archiepiscopum,
2600 2265 2686 2325 50
2773 2282 2956 2324 anno

859 2367 1010 2451 post
1054 2361 1419 2448 passionem
1436 2444 1449 2457 ἱ
1464 2382 1668 2428 suam.
1761 2360 2062 2427 Durante
2104 2382 2264 2427 vero
2307 2360 2704 2428 solennitate
2745 2363 2958 2449 ipsius

764 2544 771 2553 ,
858 2464 1330 2544 translationis,
1376 2462 1555 2528 idem
1577 2462 1604 2500 ³
1649 2463 2028 2549 Stephanus
2085 2464 2604 2551 archiepiscopus
2646 2466 2958 2531 exhibuit

858 2568 1090 2653 cuique
1132 2564 1391 2653 petenti
1419 2565 1675 2630 foenum
1704 2568 1775 2630 et
1805 2564 2227 2652 praebendam
2271 2586 2314 2630 a
2357 2566 2717 2633 Londoniis
2745 2588 2957 2653 usque

860 2669 1290 2736 Cantuariam
1333 2686 1451 2753 per
1512 2666 1692 2732 viam
1753 2666 2151 2749 itineranti3
2211 2667 2499 2756 fecitque
2563 2692 2681 2757 per
2737 2675 2958 2736 totum

859 2772 1033 2837 diem
1076 2768 1531 2835 translationis
1574 2768 1811 2835 vinum
1847 2769 2101 2857 jugiter
2127 2770 2200 2835 in
2230 2770 2564 2838 canalibus
2608 2794 2726 2859 per
2767 2774 2960 2839 varia

856 2875 1041 2940 urbis
1102 2873 1243 2939 loca
1312 2873 1651 2939 distillare.
1767 2871 1971 2940 Unde
2037 2879 2107 2940 et
2169 2897 2489 2962 expensas
2553 2898 2716 2963 quas
2777 2877 2960 2944 idem

858 2975 1235 3064 Stephanus
1323 2975 1397 3039 in
1470 2973 1593 3041 hac
1668 2976 2070 3043 solennitate
2149 2977 2471 3058 exhibuit,
2543 2985 2821 3066 quartus
2897 2981 2962 3046 ei

530 3085 711 3156 (ἴττω,
862 3099 1187 3144 successor
1232 3077 1621 3144 Bonefacius
1687 3080 1808 3144 vix
1861 3079 2222 3166 persolvit.⁴
2315 3077 2442 3148 Die
2487 3081 2717 3149 Sancti
2763 3081 2962 3149 Lucae

525 3157 699 3206 sturm.
860 3180 1304 3269 evangelistae,
1376 3181 1576 3247 irruit
1647 3185 1888 3247 ventus
1983 3201 2025 3246 a
2115 3185 2577 3269 septentrione,
2654 3185 2959 3272 quatiens

860 3281 1137 3364 domOS,⁶
1234 3306 1521 3364 nemora,
1613 3288 1827 3348 turres
1903 3284 2317 3350 ecclesiarum
2352 3311 2369 3368 ;
2446 3287 2704 3372 visique
2799 3295 2961 3355 sunt

861 3387 1175 3452 dracones
1218 3387 1399 3474 ignei
1442 3392 1511 3452 et
1554 3385 1826 3471 spiritus
1871 3385 2147 3474 maligni
2191 3387 2264 3452 in
2307 3409 2456 3454 aere
2476 3387 2504 3426 ⁰
2547 3389 2842 3457 volitare.

934 3653 945 3681 ¹
984 3651 1135 3701 After
1176 3649 1369 3699 abbatis
1412 3648 1587 3708 insert,
1630 3649 1866 3702 Gauii-idi
2018 3655 2038 3682 ³
2073 3653 2223 3720 idem]
2261 3655 2387 3720 ipse,
2409 3655 2470 3708 P.

866 3737 913 3792 6,
936 3745 1071 3780 anno
1094 3727 1303 3778 Domini
1332 3733 1474 3791 1220,
1493 3719 1499 3724 ’
1516 3735 1577 3802 .¹⁰
1600 3729 1683 3781 die
1715 3730 1865 3792 Maii,
2019 3734 2038 3763 ⁴
2061 3733 2212 3784 After
2226 3733 2464 3802 persolvit
2477 3737 2648 3800 insert,
2661 3741 2961 3793 Alexander

864 3809 924 3858 P.
1413 3819 1419 3826 ·
1474 3873 1480 3880 ·
1534 3817 1542 3826 ’
1951 3825 2046 3864 rex
2069 3811 2262 3865 Scociae
2285 3816 2435 3867 duxit
2456 3817 2511 3866 in
2535 3833 2743 3868 uxorem
2759 3821 2959 3871 Johan-

928 3889 949 3918 ²
987 3885 1133 3937 Aster-
1154 3885 1517 3954 archiepiscopo
1539 3888 1866 3954 inserg‘proe—
1953 3907 2072 3943 nam
2103 3894 2240 3958 regis
2271 3893 2425 3958 hujus
2463 3895 2674 3947 Henrici
2711 3912 2958 3962 sororem,

864 3974 1005 4020 sente
1056 3967 1241 4032 legato,
1284 3969 1509 4032 praestito
1554 3977 1866 4036 sacramento
1952 3971 2014 4022 P.

864 4047 999 4112 quod
1042 4046 1304 4097 eeclesiam
1349 4047 1448 4097 Dei
1495 4055 1731 4111 tueretur,
1777 4065 1864 4114 pa-
2017 4051 2038 4080 ὅ
2077 4051 2226 4103 After
2248 4053 2406 4104 domos
2429 4053 2588 4105 insert
2607 4057 2849 4120 pomeria,
2871 4059 2935 4110 P.

864 4140 1071 4191 cemque
1095 4125 1268 4192 populi
1288 4125 1492 4188 foveret,
1514 4127 1573 4177 P.
1738 4125 1746 4134 '
1983 4203 1986 4206 ⁴
2019 4133 2040 4159 ⁸
2072 4131 2212 4196 aere]
2251 4131 2397 4191 aiere,
2421 4133 2480 4183 Ε.
2505 4153 2519 4193 ;
2555 4136 2770 4197 turbine,
2793 4135 2853 4187 P.
