3519 5734
775 831 906 893 208
1293 844 1661 893 nummus
1707 842 1926 893 ABBAs
1972 844 2343 895 SECUNDUS.

437 1031 728 1083 A.D.1175
771 1020 1320 1092 deprehenderetur.
1365 1022 1483 1077 Sed
1508 1022 1626 1078 cito
1661 1020 1769 1076 illa
1802 1020 1967 1086 obiit,
1998 1026 2059 1077 et
2094 1021 2251 1092 apud
2294 1020 2638 1077 Godestowe
2678 1060 2693 1075 .
2736 1061 2749 1074 .
2791 1060 2805 1075 .
2846 1062 2860 1073 .

445 1103 618 1150 -1179-
771 1106 832 1159 in
869 1105 1124 1178 capitulo
1159 1105 1504 1161 monialium
1541 1105 1775 1177 sepulta
1810 1110 1919 1171 est,
1960 1122 2096 1160 cum
2131 1105 2239 1161 tali
2276 1104 2613 1177 epitaphio:

965 1232 1006 1257 “
1033 1230 1150 1286 Hic
1179 1230 1340 1301 jacet
1373 1230 1438 1285 in
1461 1231 1666 1286 tumba
1699 1248 1838 1286 rosa
1871 1230 2095 1295 mundi,
2130 1248 2248 1285 non
2280 1248 2417 1285 rosa
2448 1228 2685 1285 munda.

969 1317 1006 1341 “
1031 1314 1090 1370 N
1091 1332 1168 1370 on
1200 1314 1427 1371 redolet
1462 1314 1584 1371 sed·
1603 1315 1723 1371 olet
1757 1314 1915 1387 quod
1950 1314 2216 1370 redolere
2252 1314 2458 1371 solet.'’

772 1454 936 1511 Gista
984 1456 1249 1529 ejusdem
1302 1459 1536 1530 puellae,
1591 1458 1696 1513 vix
1743 1458 2033 1530 bipedalis
2082 1476 2373 1514 mensurae
2428 1458 2535 1514 sed
2578 1456 2867 1513 mirabilis

769 1541 1196 1607 architecturae,
1233 1541 1455 1598 ibidem
1479 1544 1761 1608 cernitur,
1788 1543 1851 1597 in
1876 1560 1994 1613 qua
2018 1544 2319 1599 conflictus
2344 1542 2634 1615 pugilum,
2663 1547 2868 1613 gestus

721 1688 726 1695 Ι
770 1625 1128 1691 animalium,
1183 1625 1416 1681 volatus
1479 1626 1696 1691 avium,
1755 1626 1941 1682 saltus
1993 1626 2271 1699 piscium,
2332 1626 2555 1697 absque
2612 1625 2867 1681 hominis

435 1714 666 1781 Homage
769 1718 1048 1788 impulsu,
1089 1718 1542 1790 conspiciuntur.
1635 1709 1962 1775 vicesimo
2022 1715 2247 1776 autem
2293 1716 2363 1775 et
2410 1710 2646 1795 quinto
2690 1728 2869 1773 anno

433 1784 677 1911 Qffl
767 1810 938 1895 regis
968 1809 1166 1895 hujus
1206 1810 1482 1876 Henrici
1513 1811 1742 1897 patris,
1774 1812 2169 1877 Willielmus
2198 1824 2318 1877 rex·
2350 1811 2611 1889 Scotiae,
2635 1832 2867 1878 secun—

435 1914 565 1979 king
585 1917 649 1965 of
767 1911 930 1976 dum
994 1912 1492 1997 promissionem
1558 1934 1742 1977 suam
1804 1912 2173 1981 Eboracum
2220 1915 2307 1979 ad
2352 1913 2867 2002 parliamentum

434 1980 686 2033 semland*
767 2013 1058 2091 veniens,
1100 2014 1199 2079 ibi
1258 2023 1330 2078 de
1383 2040 1668 2079 consensu
1719 2041 2031 2096 procerum
2086 2030 2145 2081 et
2195 2026 2573 2097 praela-borum
2627 2041 2866 2079 fluorum

771 2116 948 2182 dicto
993 2126 1125 2196 regi
1161 2124 1421 2181 Henrico
1481 2116 1662 2203 patri
1721 2138 1917 2182 suum
1960 2125 2306 2199 homagium
2359 2126 2625 2182 faciebat.
2718 2114 2868 2181 Hoc

768 2240 1030 2305 quoque
1083 2226 1210 2281 suis
1245 2225 1468 2281 litteris
1506 2227 1849 2298 patentibus
1888 2224 1957 2284 et
2001 2218 2477 2305 compositione
2522 2216 2861 2298 firmavib,¹

769 2322 926 2391 quod
961 2322 1089 2392 ipse
1127 2325 1188 2374 et
1223 2336 1590 2374 successores
1629 2321 1723 2375 sui
1746 2326 1809 2375 et
1829 2321 2096 2375 homines
2126 2319 2338 2376 Scotiae
2374 2321 2635 2377 facerent
2669 2321 2867 2375 homa-

768 2407 952 2477 gium,
992 2405 1415 2476 legiamentum
1477 2410 1538 2459 et
1595 2402 1959 2472 fidelitatem,
2023 2405 2269 2475 regibus
2323 2404 2577 2477 Angliae,
2638 2406 2867 2476 quoties

767 2514 942 2569 super
978 2498 1088 2553 hoc
1122 2496 1581 2567 requirerentur.
1644 2498 1717 2552 In
1743 2498 1981 2569 signum
2006 2498 2175 2569 cujus
2202 2497 2600 2569 subjectionis,
2650 2490 2868 2555 dictus

765 2609 869 2646 rex
907 2590 1118 2646 Scotioe
1155 2589 1370 2644 obtulit
1405 2590 1696 2661 capellum
1722 2596 1783 2647 et
1808 2592 2013 2646 sellam
2038 2608 2204 2645 suam
2243 2608 2420 2662 super
2455 2592 2640 2647 altare
2666 2592 2865 2649 Sancti

765 2675 1013 2730 Petriin
1049 2673 1298 2729 ecclesia
1331 2673 1722 2739 Eboracensi;
1766 2692 1896 2745 quae
1932 2673 2153 2729 ibidem
2202 2692 2391 2745 usque
2424 2674 2599 2731 hodie
2636 2695 2866 2733 conser-

764 2764 994 2814 vantur.
1091 2757 1171 2812 Et
1203 2755 1544 2827 adjecerunt
1577 2775 1852 2828 proceres
1890 2758 2102 2813 Scotiae
2138 2776 2273 2813 cum
2303 2758 2637 2829 juramento
2688 2762 2862 2833 quod,

767 2843 819 2898 si
855 2840 1166 2914 aliquando
1201 2858 1306 2894 rex
1344 2838 1554 2896 Scotiae
1580 2858 1615 2896 a
1639 2840 1919 2898 fidelitate
1954 2842 2237 2913 praedicta
2270 2842 2545 2908 resiliret,
2584 2846 2700 2917 ipsi
2736 2864 2869 2902 con·

769 2933 864 2982 tra
896 2943 1100 2997 regem
1139 2925 1351 2980 Scotiae
1387 2924 1788 2996 insurgerent,
1829 2926 2011 2982 donec
2046 2927 2439 2999 resipisceret.
2516 2929 2705 2998 Quam
2741 2932 2869 3002 qui·

770 3019 905 3074 dem
929 3017 1406 3089 compositionem
1433 3015 1756 3090 Gregorius
1782 3037 1934 3092 papa
1948 3017 2237 3090 oetam,
2259 3021 2322 3076 in
2347 3020 2595 3079 diversis
2622 3023 2871 3095 rescrip-

770 3113 848 3168 tis
907 3111 1150 3184 regibus
1211 3109 1450 3182 Angliae
1511 3115 1572 3166 et
1633 3111 1847 3167 Scotiae
1922 3111 2183 3178 directis,
2262 3114 2565 3172 mandavit
2623 3115 2870 3171 firmiter

435 3214 535 3264 His
557 3221 717 3266 atten-
770 3203 1089 3260 observari.
1181 3195 1381 3259 Anno
1426 3193 1580 3259 inde
1625 3201 1955 3280 sequente,
2005 3197 2192 3262 venit
2235 3197 2322 3261 ad
2365 3198 2870 3284 parliamentum

431 3283 725 3412 {hssg‘ffaffia-
771 3295 947 3382 apud
998 3297 1066 3360 N
1069 3295 1628 3383 orthamptoniam
1699 3297 1915 3362 dictus
1978 3297 2373 3364 Willielmus
2432 3322 2551 3365 rex
2612 3301 2870 3380 Scotiae,

431 3421 572 3464 ment
591 3417 653 3465 of
768 3421 887 3486 per
929 3399 1321 3464 mandatum
1387 3398 1564 3485 regis
1635 3397 1929 3478 Henrici,
1974 3399 2302 3467 adducens
2364 3424 2581 3468 secum
2646 3425 2869 3470 omnes

431 3480 738 3597 ggnhmp-
768 3503 1120 3587 episcopo-e,
1187 3500 1462 3566 abbates
1529 3507 1600 3566 et
1666 3501 1936 3588 priores,
1980 3503 2188 3568 totius
2232 3505 2420 3590 regni
2464 3507 2582 3570 sui.
2672 3507 2869 3572 Anno

523 3585 538 3600 ²
697 3595 710 3610 ’
770 3609 994 3668 autem
1045 3606 1134 3674 27
1178 3602 1377 3689 hujus
1437 3583 1611 3691 regis
1681 3603 1976 3682 Henrici‚
2024 3606 2199 3671 idem
2267 3629 2387 3672 rex
2450 3608 2688 3674 Scotiae
2754 3632 2871 3696 per

769 3707 1158 3770 mandatum
1204 3704 1401 3791 hujus
1459 3707 1634 3794 regis
1682 3705 1961 3773 Henrici
2020 3709 2211 3774 venit
2253 3709 2329 3773 in
2373 3711 2441 3774 N
2444 3713 2868 3777 ermanniam,

434 3825 517 3876 He
530 3828 747 3891 pas-dom
772 3808 980 3894 Cujus
1043 3808 1518 3874 ammonitione
1580 3815 1650 3874 et
1712 3793 1985 3875 consilio
2052 3811 2228 3875 idem
2292 3811 2693 3880 Willielmus
2752 3835 2873 3878 rex

433 3893 745 4011 {sseffigss’ffl
771 3909 1012 3976 Scotiae
1057 3909 1354 3978 Mathaeo
1398 3911 1699 4000 episcopo
1745 3914 1829 3977 de
1874 3913 2227 3978 Aberdene
2272 3918 2342 3978 et
2388 3913 2689 3980 Johanni
2732 3917 2870 4003 epi—

435 4027 562 4076 deen
584 4029 684 4079 and
769 4035 964 4100 scopo
1030 4013 1260 4080 Sancti
1323 4013 1634 4093 Andreae,
1683 4038 1848 4101 quos
1918 4017 2056 4102 ipse
2116 4039 2158 4082 a
2210 4015 2435 4082 Scotia
2508 4017 2875 4105 fugaverat,
2970 4081 2979 4094 ,

435 4093 509 4144 st.
533 4093 648 4143 An·

434 4160 612 4211 drews.
769 4116 1112 4184 licentiam
1155 4117 1476 4182 concessit
1522 4119 1951 4204 repatriandi.
2041 4117 2219 4184 Nam
2269 4119 2574 4186 Clemens
2604 4144 2777 4209 papa
2810 4125 2871 4202 3,

768 4220 946 4286 inter
1011 4225 1266 4298 caetera,
1345 4220 1526 4306 prius
1601 4220 2037 4286 mandaverat
2112 4219 2290 4288 dicto
2362 4221 2655 4290 Hem-ico
2730 4225 2871 4312 regi

769 4321 1034 4409 Angliae
1077 4322 1254 4408 quod
1299 4322 1514 4409 ipsum
1546 4321 1981 4387 Willielmum
2012 4324 2258 4410 Regem
2305 4325 2545 4391 Scotiae
2574 4334 2873 4418 moneret

769 4429 840 4490 et
884 4424 1238 4503 induceret,
1283 4428 1353 4490 et
1396 4426 1453 4489 si
1497 4445 1757 4490 necesse
1800 4424 1972 4491 foret
2032 4425 2446 4492 districtione
2488 4429 2694 4515 regali
2740 4451 2873 4515 qua

1477 4749 1493 4781 ¹
1516 4750 1774 4818 firmavit]
1812 4752 1985 4821 cavitg
1986 4751 2053 4804 R.
2075 4753 2144 4803 H.
