3519 5734
548 1042 685 1092 A.D.
713 1045 840 1094 1197

547 1115 728 1160 -12lo.

553 1459 655 1506 But
677 1458 842 1510 leaves

553 1525 640 1574 the
662 1540 781 1575 con-

553 1599 687 1642 vent.

555 1863 812 1916 Confisca-

552 1930 660 1980 tion
683 1933 745 1981 of

552 2007 790 2062 ΡῑὋΡθΓῑῩ

553 2065 614 2112 of
627 2063 714 2113 the
737 2081 843 2115 mo-

553 2139 772 2196 nastery.

551 2687 861 2738 withdraw-

509 2765 516 2773 '
550 2754 600 2803 al
621 2754 682 2804 of
695 2755 782 2806 the

549 2822 746 2874 monks.
776 2877 786 2888 ,

547 3192 790 3259 Resigna-

549 3261 656 3311 tion
679 3262 742 3311 of

545 3328 698 3377 abbat

547 3394 862 3447 Alexander.

884 845 1015 910 328
1405 861 1832 910 ,1181181188
1876 859 2092 910 18818
2138 859 2472 920 QUARTUS.

887 1037 1128 1100 nanter
1190 1034 1522 1100 accederet
1585 1041 1655 1100 et
1721 1034 2263 1121 qualitercunque
2336 1029 2557 1120 posset
2630 1051 2778 1098 cum
2844 1053 2995 1118 rege

888 1138 1310 1216 conveniret3
1357 1138 1530 1224 quia,
1579 1137 1885 1204 omnibus
1942 1137 2087 1223 jam
2150 1142 2314 1203 tunc
2380 1159 2529 1202 cum
2592 1157 2746 1224 rege
2794 1135 2994 1204 finem

890 1240 1301 1319 facientibus,
1350 1242 1582 1306 domus
1645 1245 1874 1306 nostra
1936 1239 2078 1305 sola
2142 1240 2443 1306 resistere
2508 1260 2647 1305 non
2711 1236 2991 1302 valebat.

893 1344 996 1409 De
1063 1365 1182 1410 8118
1245 1365 1502 1430 quoque
1567 1365 1863 1430 persona,
1911 1343 2069 1428 quia
2130 1343 2201 1406 in
2267 1343 2497 1408 eadem
2565 1342 2749 1406 curia
2798 1361 2995 1406 exosa

893 1446 1278 1525 habebatur,
1326 1447 1578 1512 nullam
1629 1447 1872 1513 faceret
1915 1445 2337 1512 mentionem.
2414 1446 2567 1532 Ipse
2612 1449 2835 1510 autem
2878 1443 2992 1506 ab·

893 1551 1031 1628 basi,
1075 1549 1350 1615 territus
1399 1539 1606 1614 taritae
1653 1569 1927 1614 summae
1991 1546 2309 1635 pecunia,¹
2358 1569 2479 1613 nos
2524 1547 2849 1614 desolatos
2908 1546 2993 1610 ad

894 1657 1155 1739 tempus
1199 1651 1484 1737 reliquit,
1531 1655 1600 1716 et
1659 1651 1732 1716 in
1777 1651 2079 1738 partibus
2124 1651 2255 1716 illis
2298 1673 2366 1715 se
2412 1650 2719 1727 detinuit,
2766 1669 2991 1734 expec-

893 1761 1045 1820 tans
1090 1776 1380 1819 rumores
1425 1777 1465 1818 a
1507 1752 1690 1818 curia
1733 1775 1931 1838 super
1960 1753 2445 1839 expeditionem
2474 1752 2725 1840 negotii
2768 1773 2991 1838 supra-

896 1857 1072 1922 dicti.
1142 1856 1274 1922 Sed
1319 1857 1460 1922 haec
1505 1856 1775 1942 quidem
1821 1857 2085 1920 frustra.
2158 1855 2425 1922 Interea
2454 1876 2741 1943 namque
2772 1855 2993 1918 omnia

895 1980 1044 2044 quae
1089 1959 1175 2023 ad
1221 1981 1342 2024 nos
1385 1959 1807 2046 pertinebant
1835 1963 2078 2044 praeter
2100 1957 2125 1994 ²
2171 1959 2643 2024 monasterium
2674 1957 2993 2022 ministris

891 2062 1090 2148 regiis
1135 2061 1294 2127 data
1339 2067 1496 2126 sunt
1535 2062 1620 2125 ad
1664 2061 2193 2140 confiscandum3
2239 2061 2365 2126 de³
2408 2061 2651 2146 quibus
2680 2061 2992 2126 redimere

893 2164 1242 2250 oportebat
1287 2163 1608 2230 victualia
1665 2163 2135 2228 monachorum
2191 2169 2259 2228 et
2302 2184 2786 2239 conversorum,
2830 2184 2993 2248 quos

890 2288 1007 2354 per
1037 2267 1302 2353 singula
1330 2267 1476 2332 loca
1509 2270 1741 2332 nostra
1778 2265 1965 2330 binos
1996 2271 2115 2331 aut
2144 2271 2369 2334 ternos
2400 2287 2823 2354 posueramus
2852 2289 2993 2330 cus-

891 2369 1098 2435 todes,
1191 2370 1298 2434 Ad
1368 2375 1632 2455 portam
1699 2389 1858 2434 vero
1934 2368 2319 2434 monasterii
2384 2369 2735 2435 constituti
2800 2375 2993 2434 erant

891 2473 1180 2538 ministri
1227 2472 1411 2559 regii,
1459 2472 1602 2536 sine
1649 2493 1931 2557 quorum
1976 2477 2149 2536 nutu
2192 2493 2313 2538 1100
2357 2473 2705 2558 quicquam
2736 2471 2991 2536 auferre

890 2575 998 2640 veI
1042 2575 1272 2640 afferre
1317 2574 1557 2640 licebat
1586 2599 1602 2654 ;
1651 2597 1767 2661 per
1810 2595 1976 2660 quos
2008 2574 2303 2660 quotidie
2332 2595 2436 2639 res
2464 2579 2710 2650 nostrae
2742 2574 2993 2639 minue-

886 2677 1136 2742 bantur
1179 2685 1248 2742 et
1277 2676 1833 2743 distrahebantur.
1929 2676 2367 2757 Quamobrem
2415 2699 2640 2743 omnes
2686 2677 2991 2743 monachi

889 2781 968 2844 de
1031 2781 1172 2866 ipso
1237 2780 1636 2846 monasterio
1698 2784 1926 2845 nostro
1994 2777 2131 2844 fere
2188 2786 2348 2844 sunt
2410 2779 2667 2869 egressi.
2794 2779 2988 2860 Quod

887 2884 1163 2948 audiens
1225 2903 1441 2948 comes
1511 2882 1937 2948 Baldewinus
2004 2883 2079 2947 in
2142 2882 2492 2949 Gravenna
2552 2886 2978 2961 constitutae,

885 2983 1167 3049 festinus
1231 2984 1504 3049 advenit
1580 2990 1650 3050 et
1711 3006 1821 3049 eos
1884 2986 1957 3049 in
2018 2984 2214 3051 domo
2280 3008 2401 3050 sua
2465 2986 2548 3051 de
2616 2986 2981 3071 Brustwyk

887 3088 1149 3174 recepit,
1199 3108 1538 3175 quousque
1581 3086 1684 3151 ira
1727 3086 1902 3174 regis
1947 3108 2103 3174 erga
2132 3109 2239 3153 eos
2281 3088 2595 3154 desaevire
2624 3090 2978 3156 desisteret

889 3189 995 3267 Et,
1045 3190 1203 3257 dum
1247 3191 1389 3256 haec
1433 3196 1807 3278 agerentur,
1855 3190 2058 3255 abbas
2102 3192 2241 3278 ipse
2286 3192 2669 3259 Alexander
2714 3195 2785 3259 in
2852 3193 2983 3257 alia

888 3294 1227 3380 provincia
1271 3315 1682 3360 commorans
1727 3299 1798 3359 et
1826 3297 2200 3381 expectans,
2248 3316 2397 3359 cum
2444 3294 2539 3361 nil
2582 3296 2743 3363 boni
2788 3316 2983 3382 super

885 3396 1317 3461 tribulatione
1361 3396 1505 3483 ipsa
1549 3396 1829 3473 audiret,
1874 3402 1943 3461 et
1986 3396 2350 3462 formidans
2396 3397 2476 3462 de
2522 3397 2630 3463 die
2681 3398 2755 3463 in
2808 3399 2981 3463 diem

882 3498 1014 3563 alia
1057 3498 1280 3586 pejora
1324 3498 1623 3579 tolerare,
1668 3500 2037 3586 praesertim
2097 3521 2245 3564 cum
2305 3499 2629 3566 relaxatio
2672 3499 2856 3567 nulla
2900 3499 2981 3566 de

881 3600 1060 3667 dicta
1105 3600 1450 3667 exactione
1518 3602 1913 3688 proveniret,
1956 3602 2045 3667 ad
2102 3602 2573 3668 monasterium
2618 3603 2701 3669 de
2747 3603 2980 3681 Forda‚

879 3704 1055 3769 unde
1100 3704 1184 3769 ad
1230 3725 1350 3770 nos
1394 3710 1687 3783 venerat,
1735 3706 2014 3782 rediens,
2046 3704 2335 3793 sigillum
2384 3726 2578 3771 suum
2606 3706 2693 3771 ad
2722 3728 2973 3772 monas·

819 3814 824 3821 ’
878 3807 1118 3872 terium
1185 3813 1484 3872 nostrum
1502 3806 1528 3843 ⁴
1581 3806 1841 3873 remisit
1906 3806 2085 3894 patri
2149 3806 2377 3872 abbati
2422 3808 2865 3888 deferendum,
2908 3816 2977 3875 et

879 3932 1028 3975 eum
1077 3932 1191 3997 per
1235 3911 1493 3975 litteras
1539 3932 1707 3987 suas,
1741 3910 1915 3975 sicut
1958 3916 2157 3977 antea
2182 3911 2342 3975 viva
2383 3932 2540 3976 voce
2584 3912 2845 3989 fecerat,
2876 3912 2977 3977 in·

876 4014 1284 4080 stantissime
1329 4012 1734 4100 supplicavit
1755 4011 1784 4048 ⁶
1842 4018 1934 4091 ut,
1990 4015 2345 4080 cessionem
2399 4036 2587 4079 suam
2632 4020 2975 4102 gratanter

875 4118 1255 4197 admittenS,
1301 4138 1452 4184 eum
1513 4116 1598 4181 ab
1659 4116 2236 4183 administratione
2294 4116 2525 4181 domus
2570 4123 2817 4183 nostrae
2858 4118 2977 4182 ab·-

877 4219 1160 4287 solveret
1204 4225 1274 4285 et
1317 4220 1470 4285 filiae
1516 4240 1652 4284 suae
1698 4219 2214 4305 dispensatorem
2244 4219 2555 4285 idoneum
2584 4220 2977 4307 provideret.

879 4322 1078 4387 Pater
1146 4327 1372 4387 autem
1442 4320 1665 4399 abbas,
1731 4322 1969 4388 videns
2032 4344 2217 4387 suam
2280 4322 2696 4409 diligentiam
2760 4322 2976 4395 111,οο

940 4564 954 4593 ¹
995 4570 1142 4611 tanta·
1203 4578 1396 4611 summm
1449 4562 1694 4628 pecunia]
1762 4563 1848 4613 the
2042 4564 2061 4593 ⁴
2093 4580 2266 4613 suum.
2304 4599 2317 4613 .
2354 4600 2367 4614 .
2391 4563 2631 4629 nostrum]
2668 4565 2889 4625 domum,
2912 4562 2974 4613 P.

873 4643 1084 4707 reading
1107 4642 1166 4691 of
1181 4642 1304 4692 both
1328 4642 1479 4693 MSS.
2039 4644 2059 4673 ⁸
2091 4641 2413 4709 supplicavit]
2452 4643 2739 4709 supplicans
2772 4642 2827 4692 in
2850 4642 2976 4693 both

940 4722 962 4752 ²
987 4722 1194 4787 preter]
1234 4730 1394 4783 extra,
1419 4720 1478 4772 P.
1974 4721 2126 4773 MSS.

939 4802 960 4831 ⁸
991 4801 1076 4867 de]
1115 4818 1162 4863 a,
1185 4802 1248 4851 P.
