3519 5734
861 831 990 894 198
1383 844 1754 892 PHILIPPUS
1799 841 2015 891 AsBAs
2060 840 2434 890 saevimus

523 1026 822 1087 A.D.11⁷1‚
862 1020 1294 1105 ingemiscens
1339 1038 1594 1105 semper
1661 1022 1728 1083 et
1792 1016 2019 1081 dolens
2064 1014 2231 1079 illud
2274 1013 2369 1079 sic
2410 1014 2735 1079 accidisse.
2828 1013 2961 1079 Sed

529 1097 670 1143 1172.

861 1122 988 1186 hoc
1029 1126 1258 1187 tamen
1298 1120 1708 1207 providebat,
1740 1119 1917 1205 quod
1956 1118 2134 1183 viros
2176 1138 2451 1204 magnos
2494 1121 2563 1181 et
2604 1113 2965 1181 industrios

865 1224 952 1289 ad
1017 1244 1348 1289 summum
1409 1223 1791 1311 pontificem
1858 1218 2315 1287 Alexandrum
2380 1218 2765 1296 destinavit,
2816 1239 2965 1283 con-

866 1326 1088 1391 silium
1154 1347 1450 1413 quaerens
1517 1324 1680 1412 quid
1743 1330 1917 1389 esset
1978 1322 2321 1410 agendum.
2415 1318 2619 1387 Unde
2672 1342 2967 1387 summus

867 1428 1169 1517 pontifex
1211 1428 1396 1494 misit
1441 1428 1605 1493 duos
1667 1426 2048 1506 cardinales,
2096 1426 2213 1511 qui
2272 1429 2340 1491 et
2398 1424 2731 1511 episcopos
2775 1423 2961 1509 regni

823 1564 828 1575 ·
869 1532 1464 1598 excommunicatos
1509 1537 1578 1597 et
1623 1550 1969 1617 suspensos
2012 1528 2429 1595 absolverent
2458 1532 2529 1593 et
2557 1527 2731 1615 regis
2765 1525 2967 1591 saluti

535 1636 712 1701 Hem-y
729 1637 847 1687 sub-
868 1634 1306 1722 providerent.
1381 1634 1678 1710 Interim,
1711 1636 2025 1719 sequente
2068 1653 2244 1697 anno
2288 1636 2439 1718 post
2484 1634 2767 1695 mortem
2796 1649 2968 1693 mar-

529 1710 754 1821 ’ἑὲῑὶῗί

539 2455 639 2505 His
659 2470 792 2505 mea-

541 2538 680 2573 sures
705 2522 786 2571 for

538 2589 816 2705 {forming

868 1738 1058 1823 tyriS,
1103 1759 1223 1803 rex
1273 1736 1492 1801 senior
1535 1736 1616 1801 de
1661 1735 1732 1799 N
1733 1735 2081 1801 ormannia
2140 1755 2433 1821 egressus
2494 1732 2665 1798 adiit
2722 1731 2969 1797 Hiber-

871 1839 1071 1918 niam,
1103 1859 1303 1924 quam
1331 1844 1640 1925 potenter
1669 1836 2069 1925 subjugavit.
2164 1836 2370 1922 Cujus
2414 1835 2783 1903 dominium
2810 1853 2965 1899 con-

874 1941 1193 2027 quisitum
1238 1941 1286 2005 J
1289 1941 1535 2007 ohanni
1595 1940 1736 2005 filio
1798 1961 1915 2005 suo
1975 1938 2229 2025 juniori
2290 1936 2705 2005 concedebat.
2792 1936 2971 2001 Nam

871 2044 1014 2130 ipse
1055 2043 1242 2131 prius
1285 2042 1705 2130 privilegium
1773 2064 1815 2106 a
1874 2064 2049 2129 papa
2090 2040 2388 2105 Adriano
2434 2043 2475 2103 4
2520 2038 2803 2126 Anglico
2846 2038 2973 2102 im—

874 2146 1182 2233 petravit,
1232 2146 1594 2211 Hibernico
1653 2145 1901 2232 populo
1934 2149 2108 2209 -tam
2172 2141 2561 2208 dominandi
2627 2163 2829 2228 quam
2897 2140 2969 2204 in

873 2248 1005 2314 fide
1049 2247 1408 2313 secundum
1471 2268 1684 2313 mores
1745 2246 2033 2313 ecclesiae
2097 2245 2485 2332 Anglicanae
2548 2242 2970 2310 informandi.

875 2352 966 2415 Et
1033 2352 1104 2416 in
1172 2351 1436 2437 signum
1501 2349 1696 2436 hujus
1757 2350 2181 2415 investiturae
2243 2372 2417 2436 papa
2486 2349 2629 2436 ipse
2692 2348 2969 2413 anulum

874 2476 1067 2519 suum
1111 2476 1382 2519 aureum
1425 2453 1606 2519 dieto
1650 2452 1789 2539 regi
1836 2452 2211 2518 destinavit.
2284 2460 2301 2492 ¹
2318 2461 2489 2517 Hane
2524 2476 2669 2532 ergo
2714 2460 2968 2516 insulam
2994 2454 3057 2505 R-
3080 2456 3315 2524 Higden‚

874 2584 978 2620 rex
1013 2582 1119 2636 pro
1154 2582 1326 2637 posse
1360 2565 1750 2620 reformabat:
1792 2561 1860 2621 eb
1904 2556 1978 2620 in
2022 2577 2099 2619 ea,
2132 2563 2379 2619 coucilia
2412 2580 2519 2635 per
2551 2564 2683 2617 loca
2715 2561 2967 2617 celebra·
2992 2524 3091 2573 ⁰⁰1⁴
3114 2530 3268 2577 ²³⁹⁵·

875 2660 982 2722 vit,
1022 2659 1272 2713 maxime
1313 2659 1471 2730 apud
1507 2657 1849 2723 Caesellam,
1888 2658 1994 2712 ubi
2039 2657 2260 2729 primas
2296 2655 2702 2711 Armachanus
2738 2654 2812 2709 ob
2848 2672 2971 2710 cor-

875 2743 1036 2814 poris
1087 2743 1538 2799 invalitudinem
1585 2748 1727 2797 tunc
1786 2760 1902 2797 non
1953 2741 2139 2807 affuit,
2196 2742 2299 2813 qui
2351 2758 2588 2797 vaccam
2642 2738 2969 2803 candidam,

876 2827 1044 2898 cujus
1095 2826 1248 2882 lacte
1299 2826 1602 2882 dumtaxat
1655 2826 1981 2892 fovebatur,
2024 2842 2253 2897 semper
2306 2842 2507 2881 seeum
2556 2822 2965 2880 circumduxit.

874 2911 1076 2981 Ipsam
1111 2909 1308 2982 itaque
1338 2910 1592 2965 insulam
1631 2951 1644 2963 .
1689 2951 1702 2963 .
1747 2949 1762 2963 .
1800 2911 2052 2964 maxime
2094 2909 2169 2964 ad
2202 2907 2320 2963 tria
2354 2907 2719 2964 restaurabat
2738 2907 2780 2973 ;2
2814 2906 2971 2962 vide-

875 2996 1033 3059 licet,
1056 2994 1248 3065 quoad
1270 2994 1523 3050 officium
1549 2993 2015 3049 ecclesiasticum
2038 2991 2477 3058 immolandum,
2506 2992 2699 3063 quoad
2720 2992 2976 3048 decimas

875 3086 1256 3158 praestandas,
1297 3092 1358 3142 et
1411 3085 1602 3158 quoad
1661 3086 1845 3141 ritum
1902 3085 2391 3142 matrimonialem
2424 3075 2975 3142 solemnizandum.

877 3180 973 3234 Ibi
1009 3178 1247 3250 quidem
1283 3183 1422 3234 tunc
1459 3183 1746 3234 statutum
1788 3183 1880 3238 est
1924 3182 1991 3232 ut
2037 3178 2352 3233 morientes
2388 3178 2451 3232 in
2484 3180 2799 3250 praesentia
2834 3180 2977 3236 vici-

877 3282 1086 3318 norum
1121 3263 1362 3318 testium
1417 3267 1834 3317 testamentum
1868 3261 2138 3327 condant,
2179 3266 2240 3317 et
2286 3261 2440 3316 bona
2474 3280 2581 3317 sua
2620 3263 2879 3328 mobilia,
2926 3265 2977 3320 si

877 3365 1118 3402 uxorem
1167 3353 1227 3402 et
1277 3346 1495 3401 liberos
1544 3346 1819 3410 habeant,
1857 3345 2107 3400 deducto
2157 3363 2272 3400 oere
2322 3345 2513 3400 alieno
2560 3352 2622 3402 et
2670 3349 2976 3420 stipendiis

879 3432 1279 3495 servientium,
1336 3431 1400 3484 in
1447 3436 1570 3486 tres
1623 3435 1821 3500 partes
1874 3429 2225 3494 dividantur,
2281 3447 2532 3500 quarum
2584 3449 2702 3486 una
2748 3431 2973 3497 liberis,

879 3517 996 3571 alia
1017 3515 1206 3579 uxori,
1233 3514 1412 3570 tertia
1447 3515 1561 3569 sibi
1597 3520 1659 3570 et
1693 3514 1957 3585 exequiis
1992 3514 2459 3585 designarentur.
2517 3513 2582 3571 Si
2606 3532 2749 3572 vero
2770 3517 2975 3572 liberis

545 3612 626 3661 He
647 3626 838 3662 crossen
878 3613 980 3663 aut
1013 3625 1192 3662 uxore
1245 3614 1458 3672 careat,
1498 3607 1650 3662 bona
1701 3606 1766 3661 in
1819 3607 1965 3661 duas
2018 3611 2214 3677 partes
2265 3607 2619 3664 dividantur.
2713 3599 2977 3666 Exinde

544 3678 651 3727 into
677 3680 810 3728 Nor-

545 3746 734 3810 mandy
755 3752 809 3795 to

542 3817 673 3862 meet
693 3819 793 3862 two

546 3879 796 3930 cardinale

545 3945 675 3993 from
701 3945 788 3995 the

545 4025 687 4076 pope-

544 4214 757 4266 Revela-

544 4281 682 4332 tions
701 4287 754 4332 to

544 4349 628 4398 the
649 4348 794 4415 king,

545 4415 775 4482 vaming

879 3705 1102 3764 autem
1146 3700 1347 3786 coepit
1391 3722 1512 3765 rex
1555 3699 1819 3786 Angliae
1863 3699 2167 3764 dominus
2204 3699 2546 3766 Hiberniae
2590 3705 2972 3788 nuncupari.

883 3802 974 3867 Et
1019 3824 1168 3868 cum
1210 3824 1330 3866 rex
1375 3802 1594 3869 senior
1622 3803 1696 3866 in
1728 3801 2056 3866 Hibernia
2100 3799 2391 3867 existens
2434 3804 2724 3871 audisset
2770 3807 2977 3872 dictos

881 3904 1047 3970 duos
1091 3904 1454 3970 cardinales
1496 3905 1570 3968 in
1615 3905 1683 3968 N
1685 3903 2099 3970 ormanniam
2159 3904 2520 3986 advenisse,
2567 3909 2821 3975 cunctis
2864 3931 2977 3975 ne-

878 4008 1078 4094 gotiis
1126 4007 1470 4074 Hiberniae
1512 4007 1642 4071 sibi
1684 4006 2218 4074 incumbentibus
2261 4011 2733 4095 praetemissiS,
2765 4013 2979 4098 primo
2996 4021 3219 4074 Ibidem.

877 4113 952 4178 in
993 4111 1306 4198 Angliam
1351 4110 1590 4175 deinde
1633 4110 1705 4174 in
1750 4111 1819 4174 N
1822 4111 2231 4176 ormanniam
2274 4110 2363 4176 ad
2392 4113 2755 4180 cardinales
2798 4138 2978 4182 acce-

878 4214 1095 4280 debat.
1173 4213 1340 4299 Regi
1369 4214 1462 4278 sic
1491 4211 1576 4277 de
1606 4212 1932 4278 Hibernia
1958 4233 2219 4278 reverso
2250 4230 2554 4296 coeperunt
2588 4227 2977 4284 revelationes

878 4325 1008 4380 fieri
1040 4325 1346 4396 potissime
1382 4324 1454 4380 de
1491 4323 1616 4380 vita
1666 4342 1775 4380 sua
1825 4323 2193 4397 corrigenda,
2230 4317 2445 4403 primo
2486 4340 2605 4405 per
2646 4320 2977 4406 quendam

879 4437 1099 4484 senem
1135 4425 1291 4499 apud
1325 4431 1584 4482 castrum
1618 4425 1692 4482 de
1715 4424 1992 4484 anrdist
2024 4418 2099 4484 in
2127 4415 2369 4486 Wallia
2403 4429 2697 4488 dominica
2718 4433 2782 4489 in
2802 4433 2974 4503 albis,

947 4689 964 4718 ¹
987 4685 1238 4832 Τὶιῖῗέἓ
1250 4685 1420 4738 clause
1441 4685 1496 4735 in
1520 4685 1625 4738 this
1647 4694 1881 4738 sentence
2038 4690 2061 4718 ²
2092 4687 2430 4756 restaurabat]
2468 4691 2788 4757 reformabat,
2812 4695 2877 4747 R.
2900 4693 2971 4745 H.

879 4770 925 4820 is
945 4774 1084 4819 trans
1239 4805 1252 4818 .
