3519 5734
940 882 1071 946 388
1586 896 1786 948 nuso
1829 892 2048 947 Annas
2093 896 2412 959 QUINTUS·

602 1084 915 1140 A.D.1212.
934 1074 1249 1161 signaret,
1294 1078 1364 1137 et
1408 1070 1549 1160 ipse
1592 1092 1713 1137 rex
1756 1074 1999 1159 rogatu
2047 1072 2300 1138 domini
2331 1070 2676 1159 apostolici
2707 1070 3030 1158 quendam

933 1178 993 1242 ei
1024 1178 1471 1264 episcopatum
1502 1196 1653 1240 casu
1682 1174 1962 1241 fortuito
1991 1174 2354 1240 exhiberet.
2443 1174 2784 1261 Alioquin,
2813 1174 2868 1239 si
2897 1174 3030 1261 ipse

936 1280 1317 1368 Stephanus
1379 1284 1625 1344 terram
1693 1300 1832 1345 suae
1909 1276 2152 1343 ditioni
2229 1277 2595 1363 subjectam
2661 1278 3027 1355 reintraret,

937 1382 1151 1470 ipsum
1198 1382 1609 1469 Stephanum
1655 1382 2005 1468 suspendio
2035 1380 2246 1446 vitam
2291 1403 2478 1446 suam
2513 1380 2860 1467 juraverat
2901 1386 3030 1445 ter-

937 1486 1207 1552 minare.
1298 1483 1423 1551 cui
1486 1483 1937 1571 Pandulphus,
1985 1491 2023 1519 “
2041 1480 2340 1563 Sancta‚”
2405 1484 2646 1571 inquit,
2715 1488 2754 1519 ‘⁸
2773 1482 3030 1549 ecclesia

942 1594 979 1624 “
1022 1587 1583 1674 archiepiscopum
1612 1585 1904 1673 aliquem
1947 1586 2196 1672 absque
2239 1607 2437 1652 causa
2478 1585 2862 1651 rationabili
2901 1606 3030 1650 non

938 1700 973 1726 “
1021 1694 1124 1757 est
1166 1690 1369 1756 solita
1410 1688 1789 1777 degradare,
1819 1688 1936 1755 sed
1975 1687 2146 1755 solet
2188 1692 2260 1754 et
2305 1686 2507 1753 debet
2549 1708 2734 1775 reges
2763 1693 2833 1752 et
2859 1689 3032 1775 prin-

938 1800 973 1829 “
1017 1794 1193 1880 cipes
1252 1791 1398 1857 Deo
1460 1795 1533 1857 et
1598 1791 1887 1859 ecclesiae
1949 1790 2222 1857 rebelles
2273 1812 2391 1879 per
2433 1812 2737 1857 censuras
2781 1790 3033 1856 debitas

940 1904 974 1929 “
1020 1892 1403 1982 castigare.”
1497 1893 1625 1960 Oui
1694 1894 1918 1981 inquit
1984 1916 2125 1975 reX,
2168 1899 2206 1930 “
2231 1892 2402 1958 Mihi
2447 1915 2604 1981 ergo
2663 1892 2932 1957 minaris
2955 1890 3034 1957 2'’

940 2002 975 2032 “
1028 1994 1527 2083 Nequaquam,”
1558 1995 1781 2083 iuquit
1811 1994 2263 2083 Pandulphus,
2296 2004 2329 2031 “
2355 1995 2486 2061 Sed
2516 1995 2676 2082 quia
2717 1995 3032 2060 malitiam

940 2106 979 2133 “
1024 2098 1239 2163 cordis
1284 2099 1385 2164 tui
1432 2099 1625 2164 nobis
1670 2098 2041 2186 patefacere
2089 2098 2460 2178 decrevisti,
2490 2119 2612 2162 nos
2656 2120 2806 2184 quae
2849 2096 3034 2161 nobis

942 2210 975 2237 “
1020 2200 1415 2268 incumbunt
1462 2201 1590 2268 tibi
1634 2200 1999 2289 patefacere
2043 2222 2176 2267 non
2221 2199 2655 2269 differemus?

969 2569 1132 2638 CAP.
1181 2568 1382 2637 XIII.
1426 2569 1528 2636 De
1564 2571 2030 2657 pronuntiato
2073 2570 2656 2639 eoecommunwato
2699 2591 2845 2657 φερε
2883 2591 3008 2657 per

1302 2671 1550 2761 leyatos
1567 2697 1597 2753 ,⁰
1642 2679 1701 2740 et
1746 2672 1832 2740 de
1885 2672 2219 2740 Willelmo
2261 2694 2412 2760 φερε
2457 2672 2712 2741 Scotioe.

606 2836 916 2918 Excqmmu-
1034 2844 1067 2875 ‘⁶
1092 2838 1599 2927 Recognosoasss’
1640 2839 1864 2928 inquit
1910 2840 2338 2928 Pandulphus
2383 2840 2541 2929 regi,
2591 2848 2627 2878 “
2651 2840 2830 2928 quod
2857 2862 3030 2907 sanc-

604 2904 911 3036 :1¹:2³3ssst
944 2947 982 2976 “
1030 2947 1139 3008 tus
1183 2947 1374 3030 pater
1418 2942 1729 3008 dominus
1775 2942 1972 3030 Papa,
2021 2949 2294 3031 propter
2337 2944 2734 3011 multimoda
2775 2950 3030 3031 pecoetn

604 3037 887 3102 Pandulph.
944 3053 976 3080 “
1026 3050 1165 3125 tua,
1211 3045 1762 3133 transgressiones
1807 3051 1878 3112 et
1921 3046 2313 3133 gravamina
2352 3069 2501 3134 quae
2546 3047 2708 3124 Deo,
2753 3047 3026 3112 eeclesiae

942 3157 976 3183 “
1022 3151 1266 3214 sanctae
1330 3153 1399 3214 et
1461 3148 1655 3228 clem,
1703 3149 1946 3235 saepius
2005 3148 2321 3228 intulisti,
2369 3149 2442 3214 in
2483 3153 2553 3214 te
2596 3149 3028 3215 excommuni-

939 3257 977 3286 “
1024 3251 1305 3317 cationis
1384 3249 1784 3316 sententiam
1859 3249 2262 3318 fulminavit.
2383 3251 2476 3316 Et
2549 3252 2710 3338 quia
2775 3252 2848 3316 in
2917 3256 3028 3315 tua

939 3362 973 3388 “
1018 3353 1281 3418 malitia
1324 3353 1543 3419 adhuc
1586 3353 1835 3439 absque
1883 3353 2338 3420 satisfactione
2381 3355 2605 3440 aliqua
2649 3375 3029 3442 perseveras»,

940 3461 977 3490 “
1020 3455 1421 3521 sententiam
1468 3456 1651 3520 illam
1700 3455 1783 3521 de
1829 3461 2066 3523 caetero
2110 3456 2322 3522 locum
2365 3463 2436 3522 et
2465 3457 2771 3523 effectum
2815 3463 3028 3523 tenere

942 3565 979 3592 “
1025 3557 1449 3624 decernimus,
1543 3557 1939 3645 Omnesque,
1971 3558 2412 3646 cujuscunque
2456 3559 2855 3626 conditionis
2896 3559 3029 3624 sive

941 3665 977 3694 “
1025 3659 1391 3748 dignitatis,
1440 3660 1557 3746 qui
1628 3660 1757 3726 tibi
1827 3661 1914 3726 de
1959 3667 2196 3728 caetero
2249 3662 2881 3728 communicaverint
2921 3683 3032 3726 ex-

941 3767 977 3796 “
1025 3762 1624 3843 communicamus3
1690 3763 1968 3829 comites
2013 3785 2274 3850 quoque
2321 3767 2392 3830 et
2434 3763 2728 3844 barones,
2775 3765 3030 3840 milites,

938 3870 975 3901 “
1020 3864 1300 3944 clericos,
1348 3863 1565 3946 laicos,
1614 3864 2059 3952 Francigenas
2103 3870 2172 3932 et
2216 3865 2642 3954 AngligenaS,
2681 3868 2768 3932 ab
2811 3867 3032 3932 homa-

940 3973 974 4002 “
1019 3967 1164 4055 giis,
1208 3966 1651 4033 fidelitatibus
1697 3972 1767 4033 et
1811 3969 2123 4050 servitiis,
2168 3991 2318 4056 quae
2383 3968 2511 4035 tibi
2571 3969 2818 4036 debent
2873 3991 3032 4057 pure

940 4075 979 4104 “
1022 4069 1427 4136 absolvimus
1456 4069 1527 4134 in
1558 4069 1928 4156 praesenti.''
1993 4071 2086 4137 Et
2131 4071 2376 4138 ibidem
2408 4093 2565 4137 vero
2596 4072 3032 4139 incontinenti

933 4173 1135 4260 legati
1180 4173 1306 4259 ipsi
1352 4172 1551 4238 certis
1596 4173 1916 4261 episcopis
1960 4175 2038 4244 in,
2077 4174 2345 4262 Anglia,
2395 4175 2618 4242 Scotia
2661 4181 2734 4242 et
2778 4175 3030 4253 wallia,

934 4275 1076 4341 haee
1161 4275 1305 4362 ipsa
1379 4275 1810 4362 pronuntiare
1909 4277 2228 4342 dederant
2321 4277 2394 4342 in
2475 4279 2836 4365 praeceptis.
2925 4277 3032 4343 Ad

934 4377 1075 4443 haec
1142 4379 1345 4444 etiam
1422 4378 1680 4465 legatus
1754 4377 2089 4445 addebat:
2172 4386 2205 4415 “
2231 4378 2359 4444 Per
2445 4379 2721 4459 totam,''
2795 4381 3028 4467 inquit,

938 4487 971 4514 “
1018 4479 1593 4546 Christianitatem
1662 4481 1982 4568 episcopis
2055 4481 2362 4548 omnibus
2435 4483 2551 4570 qui
2626 4487 2786 4550 sunt
2857 4485 3032 4549 ultra

938 4587 976 4616 “
1021 4603 1201 4645 mare
1247 4586 1475 4646 nostra
1516 4583 1838 4648 mandata
1867 4581 2245 4671 dirigemus,
2274 4585 2593 4671 quatinus
2637 4587 2767 4673 ipsi
2811 4607 3030 4651 omnes

939 4691 974 4717 ‘⁸
1020 4688 1091 4747 et
1134 4682 1431 4770 singulos
1474 4683 1765 4750 debeant
1795 4685 2360 4753 excommunicare
2388 4689 2505 4774 qui
2533 4687 2656 4752 tibi
2691 4689 3030 4764 auxilium,

940 4791 973 4819 “
1018 4784 1359 4850 consilium
1426 4806 1543 4851 seu
1604 4787 1915 4866 favorem,
1967 4789 2036 4855 in
2099 4789 2322 4876 aliquo
2367 4795 2486 4854 tuo
2531 4791 2800 4880 negotio
2847 4789 3032 4856 exhi-
