3519 5734
1047 843 1068 863 ⁰
1130 859 1504 911 rmmrrus
1549 857 1765 909 Anus
1810 859 2187 910 saevimus,
2581 841 2709 914 173

606 1034 853 1099 nardus
915 1033 1134 1112 etiam,
1197 1033 1486 1100 famulus
1555 1033 1720 1100 dicti
1796 1033 2098 1114 Galfiidi,
2174 1037 2389 1099 totam
2464 1039 2711 1099 terram
2736 1039 2873 1092 A.D.
2903 1044 3033 1090 1160

610 1159 809 1222 quam
877 1136 1115 1202 habuit
1182 1137 1364 1224 apud·
1425 1136 1801 1202 Presthowe
1863 1138 1937 1202 in
1982 1135 2322 1219 Wartria‚¹
2388 1142 2709 1223 quantum
2736 1111 3041 1239 gssiff'lmd

610 1240 698 1305 ad
743 1239 907 1305 duas
950 1239 1230 1304 bovatas
1274 1260 1426 1304 suas
1471 1238 1867 1325 pertinebat,
1915 1239 2109 1305 nobis
2154 1241 2489 1306 concessit.
2582 1239 2713 1305 Ro·
2738 1253 2793 1304 in
2816 1255 3033 1308 wan-tre.

610 1343 838 1408 bertus
883 1363 1144 1428 quoque
1187 1341 1368 1407 filius
1415 1340 1667 1428 Nigelli
1713 1342 1793 1407 de
1839 1340 2131 1407 Wartria
2174 1342 2480 1407 vendidit
2524 1342 2715 1408 nobis

617 1467 736 1532 pro
791 1445 977 1509 xxiv.
1025 1443 1252 1508 solidis
1311 1465 1552 1510 novem
1616 1465 1799 1509 acras
1858 1449 2055 1511 terrae
2115 1445 2189 1508 in
2234 1443 2564 1510 Wartria:
2630 1448 2717 1522 et,

613 1548 770 1634 quia
844 1568 980 1612 non
1043 1551 1306 1634 poterat
1379 1553 1514 1613 tres
1589 1569 1772 1612 acras
1846 1568 1933 1613 ex
2008 1547 2139 1612 illis
2211 1569 2298 1613 no
2307 1570 2450 1613 vem
2524 1547 2717 1613 nobis

615 1650 1066 1731 warantizare,
1109 1649 1409 1716 reddidit
1474 1650 1668 1715 nobis
1710 1649 1853 1717 viii.
1902 1650 2158 1728 solidoS,
2178 1719 2201 1740 .
2226 1655 2296 1715 et
2359 1672 2481 1716 nos
2540 1650 2717 1737 ipsas

613 1758 752 1818 tres
797 1773 982 1818 acras
1027 1752 1088 1818 ei
1132 1739 1654 1819 remittebamua
1745 1753 1846 1818 At
1887 1753 2027 1840 ipse
2073 1774 2229 1839 ergo
2273 1753 2569 1819 residuas
2598 1775 2717 1818 sex

616 1877 798 1920 acras
842 1855 1034 1921 nobis
1080 1853 1544 1921 confirmavit.2
1633 1855 1968 1923 Robertus
2012 1855 2215 1921 etiam
2262 1855 2489 1921 Darell
2534 1856 2719 1922 dedit

615 1958 808 2024 nobis
853 1958 1144 2044 quinque
1191 1979 1370 2024 acras
1417 1962 1614 2024 terrae
1657 1958 1924 2040 ibidem,
1957 1980 2119 2044 quas
2150 1957 2485 2024 Galfridus
2514 1959 2721 2024 frater

617 2083 776 2126 suus
820 2060 1007 2125 dedit
1052 2061 1132 2138 ei,
1179 2060 1262 2126 de
1305 2061 1636 2126 canonicis
1681 2060 1763 2126 de
1795 2060 2089 2126 Wartria
2134 2061 2494 2128 tenendas:
2540 2063 2719 2128 unde

617 2163 880 2251 praefati
925 2164 1226 2228 canonici
1286 2163 1461 2249 ipsas
1506 2186 1566 2228 v.
1615 2185 1801 2229 acras
1862 2164 2015 2230 nobi
2022 2187 2053 2228 s
2120 2163 2719 2232 confirmaverunt.³

619 2265 1006 2353 Radulphus
1080 2265 1260 2330 filius
1335 2265 1401 2329 N
1402 2265 1584 2354 igelli
1659 2265 2007 2332 dimidiam
2081 2273 2451 2333 carucatam
2525 2273 2719 2333 terrae

618 2367 812 2434 nobis
875 2367 1052 2454 apud
1099 2367 1440 2433 Oktonam
1504 2368 1825 2446 donavit3
1887 2390 2103 2454 quam,
2148 2369 2347 2435 simul
2389 2391 2539 2436 cum
2583 2391 2719 2435 om-
2746 2376 2962 2431 Oktona.

620 2471 819 2536 nibus
863 2470 1012 2535 aliis
1057 2471 1252 2534 terris
1296 2491 1458 2556 quas
1523 2477 1684 2536 tunc
1745 2471 1993 2536 ibidem
2036 2472 2463 2558 possedimus,
2509 2472 2717 2550 nobis,

619 2571 803 2637 salvo
845 2571 1162 2638 forinseco
1207 2573 1488 2639 servitio
1533 2595 1672 2651 suo,
1732 2573 2166 2640 confirmavit.
2258 2574 2453 2655 Quod
2496 2581 2720 2640 tamen

622 2672 1016 2740 forinsecum
1063 2675 1412 2740 servitium
1455 2681 1750 2763 tempore
1782 2675 2127 2743 Willielmi
2156 2676 2417 2744 abbatis
2449 2679 2505 2768 9-
2530 2678 2721 2744 nobis

624 2776 1070 2855 relaxabatur,
1113 2777 1286 2844 sicut
1327 2778 1589 2864 patebit
1632 2777 1923 2858 inferius,

626 3084 744 3151 VJ.
799 3085 896 3151 De
943 3084 1142 3151 terri-9
1189 3084 1545 3172 acquisitis
1596 3086 1682 3153 in
1735 3086 2129 3165 Whaoeroma,
2170 3094 2229 3155 et
2258 3088 2333 3155 N
2329 3090 2719 3177 essynywyk.

715 3256 1014 3337 Interim,
1049 3256 1446 3323 willielmus
1479 3257 1778 3338 Fossard,
1802 3258 2044 3345 junior,
2088 3259 2511 3326 donationem
2558 3260 2722 3328 Wil-
2749 3264 2915 3315 Grant
2934 3266 2996 3316 of

623 3360 824 3425 lielmi
870 3360 1166 3439 Fossard,
1212 3360 1422 3447 patris
1490 3362 1609 3441 sui,
1675 3361 1756 3426 de
1825 3361 2082 3427 duabus
2149 3364 2465 3428 carucatis
2525 3370 2721 3432 terrae
2745 3332 3021 3450 ijiifdpffi'fn

622 3463 695 3529 in
743 3462 1131 3528 Wharroma
1175 3461 1640 3541 confirmavit,⁴
1685 3468 1754 3529 et
1772 3463 1798 3501 ⁶
1843 3485 1927 3529 ex
1975 3465 2327 3531 donatione
2344 3466 2371 3505 ⁰
2416 3468 2678 3554 propria
2695 3467 2721 3503 ⁷
2746 3467 2877 3517 sard.

625 3566 790 3630 duas
832 3565 1110 3631 bovatas
1154 3570 1349 3631 terrae
1396 3565 1644 3632 ibidem
1703 3566 1896 3633 nobis
1956 3566 2299 3655 erogavit.⁸
2390 3569 2496 3648 Et,
2562 3572 2720 3657 quia
2743 3542 2931 3596 What-

623 3668 764 3755 ipse
814 3666 962 3753 plus
1007 3689 1205 3753 quam
1249 3668 1431 3733 mille
1497 3673 1566 3734 et
1611 3669 2024 3757 octingentas
2090 3692 2343 3736 marcas
2366 3671 2393 3709 ⁰
2439 3672 2719 3741 debebat
2743 3626 3025 3745 ffiaabbot

627 3768 674 3833 J
677 3768 900 3847 udaeis,
947 3773 1014 3835 et
1057 3770 1218 3857 ipsis
1259 3771 1306 3836 J
1309 3770 1516 3837 udaeis
1540 3768 1592 3808 ¹⁰
1620 3776 1831 3837 terras
1875 3772 2188 3859 quasdam
2237 3775 2716 3856 invadiaverat,
2740 3761 2990 3877 {2⁸⁸3}ssss

625 3893 882 3938 summa
911 3872 1122 3943 debiti
1152 3872 1250 3937 ita
1277 3872 1574 3958 quotidie
1605 3875 1902 3941 excrevit
1927 3874 1972 3912 ¹¹
2021 3872 2276 3963 q'uod12
2306 3879 2527 3943 omnia
2569 3901 2718 3966 quae
2742 3899 2797 4009 30
2820 3891 2907 3943 the

2782 3974 2897 4010 ew!-

629 4148 709 4275 1³¹
745 4146 798 4196 in
833 4144 1086 4213 Wartria]
1119 4146 1174 4196 in
1211 4146 1346 4213 agris
1367 4146 1624 4213 Wartriae,
1784 4152 1803 4180 '
1836 4152 1990 4204 After
2025 4154 2239 4219 propria
2274 4154 2432 4207 insert
2468 4156 2525 4208 in
2558 4158 2723 4211 incre-

605 4258 620 4273 .
676 4264 688 4277 .
1716 4238 1959 4295 mentum,
1981 4232 2043 4283 P.

694 4308 716 4337 ²
747 4305 1079 4371 confirmavit]
1118 4306 1457 4369 confirmabat,
1480 4308 1539 4357 P.
1785 4312 1807 4339 ⁰
1837 4312 2079 4377 croyavit]
2118 4314 2439 4378 concedebat,
2463 4316 2524 4367 P.

697 4387 717 4415 ³
749 4384 1176 4452 confirmaverunt]
1243 4386 1626 4452 confirmabant,
1784 4392 1805 4421 ⁸
1838 4390 1993 4441 After
2016 4408 2212 4442 marcas
2234 4394 2395 4446 insert
2414 4396 2632 4461 argenti,
2654 4396 2711 4448 P.

629 4464 690 4515 P.
1788 4470 1823 4500 ¹⁰
1860 4471 1983 4533 ipsis
2002 4470 2225 4538 Judoeis]
2264 4472 2382 4533 iuis,
2411 4474 2471 4525 P.

695 4545 712 4573 ⁴
745 4544 1074 4610 confirmavit]
1110 4540 1454 4609 confirmabat,
1476 4546 1536 4599 P.
1788 4549 1821 4579 ¹¹
1856 4550 2093 4616 excrevit]
2133 4554 2465 4615 excrescebat,
2488 4554 2548 4604 P.

695 4625 716 4651 ⁵
749 4622 900 4673 After
922 4631 970 4672 et
987 4623 1148 4674 insert
1167 4640 1328 4689 super,
1349 4626 1410 4676 P.
1645 4662 1653 4669 -
1786 4629 1823 4659 ¹²
1840 4630 1991 4680 Afler
2009 4629 2138 4694 quod
2155 4631 2313 4684 insert
2334 4632 2431 4683 nisi
2451 4633 2717 4685 eonsilium

701 4703 721 4731 ⁸
751 4702 902 4753 Aster
923 4702 1178 4753 donatione
1198 4704 1355 4755 insert
1376 4720 1482 4769 sua,
1505 4704 1564 4757 P.
1719 4708 1965 4760 maturius
1988 4709 2209 4772 haberet,
2234 4710 2295 4763 P.
