3519 5734
887 830 1018 895 194
1403 845 1769 895 PHILIPPUS
1813 842 2029 893 AnBAs
2076 845 2450 897 SECUNDUS.

543 1020 685 1112 Am:
717 1026 860 1075 1170.
885 1014 1026 1079 ensi
1069 1020 1140 1083 et
1184 1016 1638 1085 Sarisbiriensi
1681 1016 2037 1098 informati,
2070 1042 2157 1085 ex
2200 1024 2391 1107 parte
2440 1018 2612 1106 regis
2662 1015 2972 1084 denunti-

543 1103 832 1217 ffiffimoed
880 1115 1088 1183 abant
1107 1117 1126 1155 ¹
1173 1125 1254 1185 ut
1297 1121 1472 1206 ipsos
1515 1121 1851 1208 episcopos
1892 1143 2239 1209 suspensos
2268 1127 2338 1187 et
2371 1120 2971 1187 excommunicatos

691 1183 762 1233 μ’
879 1218 1215 1287 absolvere
1275 1222 1562 1303 deberet,
1609 1245 1728 1309 pro
1774 1246 1851 1289 eo
1894 1225 2072 1309 quod
2115 1224 2191 1289 in
2232 1224 2481 1311 regiam
2534 1222 2853 1310 injuriam
2896 1226 2966 1285 et

878 1321 1280 1389 eversionem
1325 1324 1879 1391 consuetudinum
1924 1326 2112 1413 regni
2156 1327 2491 1393 sententia
2544 1327 2619 1391 in
2664 1346 2775 1391 eos
2818 1344 2972 1411 pro-

877 1423 1018 1489 lata
1046 1426 1450 1495 redundaret
1473 1453 1490 1509 3
1521 1450 1650 1514 quo
1679 1427 2121 1515 respondente
2150 1450 2345 1495 suum
2374 1451 2510 1495 non
2538 1450 2677 1496 esse
2706 1432 2971 1495 senten-

875 1526 1041 1593 tiam
1103 1530 1372 1611 solvere,
1421 1553 1568 1616 quse
1610 1554 1653 1595 a
1695 1542 1952 1597 summo
2010 1531 2324 1619 pontifice
2384 1532 2745 1609 emanavit,
2807 1527 2971 1595 dicti

544 1622 692 1690 They
711 1642 845 1678 00111-
876 1630 1400 1720 archiepiscopus
1430 1632 1865 1699 Eboracensis
1894 1638 1965 1699 et
1994 1634 2282 1722 episcopi
2312 1634 2451 1719 ejus
2481 1655 2791 1721 responso
2820 1632 2971 1697 irri-

539 1690 682 1823 fflffg
697 1700 752 1743 ω
766 1696 852 1748 the
875 1733 1006 1797 tati
1049 1733 1122 1798 in
1165 1734 1646 1801 Normanniam
1689 1758 1911 1822 regem
1957 1736 2283 1813 adierunt,
2330 1736 2413 1802 de
2480 1736 2967 1822 archiepiscopo

878 1834 1340 1903 Cantuariensi
1383 1840 1826 1924 conquesturi,
1858 1840 2001 1925 ipso
2044 1840 2528 1926 archiepiscopo
2573 1836 2969 1904 Eboracensi

873 1938 1310 2022 promittente
1377 1963 1446 2007 se
1513 1946 1660 2009 octo
1726 1940 1937 2007 millia
1994 1940 2199 2009 libras
2263 1942 2339 2007 in
2404 1942 2965 2030 archiepiscopum

872 2038 1420 2109 Cantuariensem
1465 2064 1925 2131 expensurum.

870 2385 1027 2452 OAP.
1077 2386 1260 2451 XIV.
1315 2386 1408 2451 De
1451 2385 1794 2471 martyrio
1839 2384 2079 2453 Sancti
2113 2384 2377 2453 Thomoe
2432 2383 2963 2454 cantuariensis

1671 2486 2179 2576 archiepiscopi.

531 2670 724 2749 Bpeket
737 2672 842 2723 for·
957 2666 1224 2733 Interea
1267 2668 1537 2754 quidem
1582 2667 2108 2754 archiepiscopus
2140 2666 2639 2735 Cantuariensis
2684 2690 2959 2757 pergens

531 2739 748 2855 ἓξὲξ,
865 2768 1257 2851 Londonias,
1313 2772 1646 2856 juniorem
1707 2791 1930 2859 regem
1990 2771 2334 2837 alumnum
2351 2772 2379 2809 ²
2424 2794 2617 2837 suum
2677 2772 2961 2839 invisere

531 2872 759 2923 London.
860 2871 1106 2952 volens,
1137 2874 1211 2937 in
1240 2873 1617 2940 itinerando
1645 2879 1841 2940 extra
1869 2881 2092 2961 portas
2123 2875 2614 2940 Londoniarum
2645 2899 2687 2940 a
2714 2877 2950 2942 nuntio

862 2975 1035 3060 regis
1109 2973 1480 3062 prohibitus
1543 2981 1647 3042 est
1707 2977 1990 3043 ulterius
2052 2977 2413 3063 procedere,
2462 2999 2583 3043 nec
2627 2978 2950 3056 civitates,

861 3075 1076 3164 regias
1105 3077 1320 3160 villas,
1364 3078 1474 3144 vel
1517 3079 1763 3166 oppida
1784 3079 1811 3116 ⁸
1857 3079 2137 3145 ulterius
2166 3080 2634 3166 ingrederetur.
2723 3079 2955 3146 Admi-

859 3185 1044 3246 ratus
1102 3181 1625 3268 archiepiscopus
1684 3182 1925 3247 nuntio
1987 3180 2435 3267 hujuscemodi
2494 3184 2582 3247 ad
2624 3183 2958 3270 propriam

525 3276 610 3328 He
632 3295 836 3332 excom·
861 3282 1202 3350 ecclesiam
1244 3290 1345 3351 est
1388 3305 1705 3350 reversus
1802 3284 1963 3362 Ubi,
2009 3306 2189 3350 sacro
2249 3283 2357 3350 die
2400 3286 2777 3351 nativitatis
2822 3286 2956 3351 Do-

525 3411 612 3461 the
633 3428 781 3465 oecu-
859 3384 1041 3464 mini,
1069 3408 1366 3453 sermone
1409 3387 1604 3452 finito
1633 3385 1721 3452 ad
1748 3387 2087 3474 populum,
2116 3388 2450 3453 invasores
2478 3388 2957 3474 possessionum

525 3478 658 3558 piem
681 3482 742 3531 ⁰f
859 3509 1127 3554 suarum
1187 3491 1564 3555 nominatos
1630 3488 1953 3575 quosdam
2021 3491 2638 3572 excommunicavit,
2704 3497 2775 3557 et
2848 3491 2955 3556 cui

776 3587 788 3600 ⁰
857 3591 1201 3657 sententiae
1288 3593 1573 3680 episcopi
1659 3592 2075 3678 subjacerent
2159 3592 2423 3680 populis
2512 3593 2955 3659 denuntiavit.

524 3693 745 3763 Henry’s
855 3691 1396 3780 Archiepiscopus
1460 3700 1686 3760 autem
1730 3693 2158 3760 Eboracensis
2224 3701 2295 3760 et
2354 3695 2470 3760 alii
2524 3697 2825 3784 episcopi,
2872 3701 2953 3761 ut

519 3791 712 3880 matio}
855 3794 1243 3880 praedictum
1305 3801 1424 3874 est,
1484 3819 1705 3883 regem
1766 3797 2101 3876 adeuntes,
2164 3803 2603 3884 proponentes
2666 3798 2953 3885 qualiter

517 3896 720 3960 against
749 3899 833 3951 the
852 3895 1094 3963 fecerat
1137 3921 1286 3964 cum
1331 3899 1424 3964 eis
1467 3899 1988 3987 archiepiscopus
2052 3899 2569 3978 cantuariensis,
2615 3901 2737 3967 hoc
2781 3899 2953 3985 adji-
2973 3917 3073 3968 Ed.
3096 3919 3264 3972 Grim.

517 3962 816 4084 fflgggffi’
853 3999 1057 4081 ciunt,
1102 4000 1319 4088 ipsum
1364 4000 1921 4090 archiepiscopum
1966 4011 2193 4083 aliquid
2225 4011 2417 4084 majus
2470 4011 2662 4068 adhuc
2712 4011 2949 4076 audere,
2973 3984 3287 4107 Miffm’fxc·

517 4097 778 4151 enuntiem.
849 4123 972 4168 nec
1002 4103 1278 4184 eederet,
1309 4103 1517 4168 donec
1546 4125 1819 4168 manum
1846 4105 2237 4172 extenderet
2278 4105 2353 4168 in
2396 4126 2636 4193 regem,
2681 4113 2734 4170 si
2755 4113 2950 4184 ipsam

848 4230 953 4267 rex
986 4218 1250 4283 portaret
1299 4214 1590 4285 patienter
1625 4217 2165 4288 praesumptionem.
2276 4207 2679 4296 Hujusmodi
2740 4207 2953 4293 igitur

847 4303 1042 4370 dictis
1102 4332 1224 4380 rex,
1263 4315 1430 4372 velut
1479 4333 1679 4372 amens
1743 4316 1987 4373 effectus
2030 4313 2101 4374 et
2144 4318 2379 4376 nescius
2430 4318 2588 4391 quod
2640 4317 2943 4388 objiceret,

846 4405 974 4461 hoec
1007 4407 1237 4462 iteratis
1271 4407 1502 4464 vicibus
1539 4409 1757 4466 dixisse
1792 4410 2000 4476 fertur,
2044 4414 2082 4440 ‘⁶
2102 4411 2335 4469 Inertes
2386 4429 2455 4470 ac
2504 4412 2752 4468 miseros
2802 4427 2945 4468 enu-

845 4490 988 4547 trivi
1023 4496 1086 4548 ct
1120 4491 1280 4546 erexi
1325 4492 1388 4546 in
1434 4510 1624 4564 regno
1659 4511 1810 4562 me0,
1850 4501 1913 4552 et
1946 4495 2049 4567 qui
2084 4495 2263 4552 fidem
2308 4514 2423 4553 non
2458 4497 2657 4554 ferunt
2704 4495 2947 4552 domino

2972 4052 3055 4103 col
3096 4059 3160 4104 41

911 4700 925 4728 ¹
961 4697 1338 4765 denuntiabant]
1477 4701 1847 4762 denuntiantes,
2009 4703 2029 4732 ²
2062 4701 2330 4770 alumnum]
2368 4703 2676 4768 alumpnum,
2698 4702 2811 4754 MS.

842 4777 954 4830 MS.
2010 4785 2031 4813 ⁸
2063 4782 2271 4850 oppida]
2311 4782 2478 4848 opiffl,
2497 4781 2611 4835 MS.
