3519 5734
716 749 844 811 128
1372 758 1570 808 mm
1615 759 1835 810 ABBAs
1879 760 2156 811 ramus.

376 940 589 991 Mirwle
610 949 662 991 at
712 943 961 1000 ecclesia
993 943 1099 998 illa
1134 934 1214 999 de
1262 933 1587 1018 Ramesey
1620 959 1729 1012 pro
1764 946 1958 998 castro
2002 947 2323 1006 teneretur,
2374 941 2648 998 ebullivit
2681 961 2814 998 san·

375 1006 616 1074 Rmoey·
712 1035 849 1107 guis
886 1055 921 1091 a
955 1035 1274 1108 parietibus
1311 1035 1573 1090 eeclesiae
1610 1040 1671 1090 et
1704 1034 1952 1090 claustri
1985 1033 2324 1106 adjacentis,
2350 1035 2811 1106 indignationem

713 1119 973 1174 divinam
1008 1120 1387 1175 manifestans
1436 1119 1855 1175 sceleratorum
1904 1118 2446 1176 exterminationem
2504 1118 2812 1176 denuntia·

376 1203 531 1254 Exile
551 1206 614 1255 of
712 1204 815 1259 bat
852 1244 865 1258 .
905 1243 920 1257 .
956 1243 971 1257 .
1011 1203 1098 1259 Eo
1136 1203 1351 1276 quippe
1388 1221 1537 1258 anno
1573 1208 1633 1257 et
1656 1203 1998 1274 Emulphus
2033 1203 2192 1258 filius
2218 1201 2512 1269 Galfridi)
2539 1203 2644 1275 qui
2677 1211 2812 1275 post

370 1270 621 1388 {¹2²2}ss
710 1301 963 1350 mortem
1014 1295 1201 1367 patris
1249 1295 1557 1350 ecclesiam
1590 1287 1675 1351 de
1726 1287 2056 1372 Ramesey
2089 1295 2513 1351 incastellatam
2541 1295 2806 1362 retinui&

378 1403 619 1468 θροῶ-ρ,
711 1392 915 1458 captus
953 1393 1045 1442 est
1077 1393 1139 1443 et
1172 1394 1409 1459 propter
1442 1389 1556 1445 hoc
1592 1390 1880 1445 exulatus.
1955 1388 2354 1459 Princepsque
2383 1387 2642 1444 militum
2677 1406 2810 1444 suo-

374 1472 437 1520 de
458 1471 669 1522 Mande-
710 1487 845 1523 rum
879 1470 942 1524 in
976 1470 1231 1541 hospitio
1268 1489 1374 1526 suo
1408 1473 1482 1528 ab
1518 1489 1669 1544 equo
1692 1489 1970 1528 corruens
2007 1471 2192 1527 effuso
2227 1471 2465 1527 cerebro
2499 1471 2806 1542 expiravit.

372 1537 579 1667 ἔξω,
604 1616 687 1668 his
710 1561 992 1634 Princeps
1044 1568 1240 1618 autem
1288 1564 1555 1635 peditum
1590 1582 1852 1630 suorum,
1907 1565 2214 1634 Reynerus
2263 1563 2514 1629 nomine,
2569 1556 2652 1620 de
2697 1556 2806 1620 Pi-

372 1683 620 1749 pfincipal
710 1653 946 1718 kardia,
988 1654 1325 1736 oriundus,
1362 1667 1533 1736 cujus
1570 1665 1828 1720 officium
1863 1665 2058 1720 fuerat
2091 1665 2370 1720 ecclesias
2407 1665 2676 1737 frangere
2711 1666 2807 1722 vel

374 1749 583 1801 ⁰ffi001'8·
711 1764 1037 1832 incendere,
1077 1766 1219 1821 dum
1254 1785 1417 1821 mare
1450 1779 1679 1823 versus
1721 1755 1991 1844 propria
2026 1784 2162 1823 cum
2186 1783 2364 1820 uxore
2390 1783 2498 1821 sua
2518 1767 2768 1822 transire
2785 1767 2809 1800 ²

710 1857 1064 1936 affectaret,
1100 1867 1287 1934 navis,
1335 1859 1408 1923 in
1452 1881 1585 1944 qua
1627 1864 1787 1938 erat,
1820 1865 2098 1925 extenso
2132 1857 2300 1936 ve10,
2347 1859 2421 1922 in
2464 1859 2652 1943 aquis
2697 1868 2807 1923 im-

710 1961 943 2016 mobilis
978 1959 1314 2016 residebat.8
1401 1960 1567 2030 Quod
1614 1967 1942 2016 monstrum
1990 1960 2186 2015 nautis
2222 1960 2612 2030 stupentibus,
2653 1966 2807 2016 sorte

711 2042 849 2098 data
885 2045 975 2100 rei
1000 2061 1238 2099 oausam
1262 2041 1716 2116 inquirentibus,
1747 2062 1876 2100 sors
1901 2062 2081 2116 snper
2103 2044 2441 2114 Reynerum
2465 2045 2809 2101 occidebat.⁴

720 2126 889 2196 Quod
926 2145 1061 2183 cum
1097 2128 1199 2184 ille
1250 2128 1532 2184 nimirum
1584 2129 1727 2184 totis
1778 2128 2210 2184 contradiceret
2257 2128 2507 2192 nisibus,
2557 2128 2810 2184 secundo

715 2218 776 2268 et
811 2211 992 2267 tertio
1029 2229 1157 2266 sors
1204 2211 1429 2283 jactata
1476 2211 1540 2266 in
1587 2229 1725 2268 eum
1762 2213 2020 2268 devenit.
2112 2211 2349 2266 Positus
2387 2218 2479 2267 est
2513 2212 2700 2284 igitur
2748 2214 2812 2268 in

714 2297 951 2367 scapha,
1007 2302 1069 2351 et
1118 2313 1266 2350 uxor
1318 2296 1468 2368 ejus,
1508 2313 1577 2352 ac
1628 2297 1881 2368 pecunia
1933 2295 2350 2352 scelestissime
2403 2297 2712 2366 acquisita,
2751 2305 2812 2354 et

721 2382 923 2438 statim
958 2380 1127 2435 navis
1164 2397 1345 2436 cursu
1380 2381 1752 2437 velocissimo
1797 2387 1868 2436 ut
1903 2379 2111 2435 solito⁸
2147 2381 2367 2435 fecerat
2403 2379 2656 2452 pelagus
2691 2385 2812 2439 sul-

725 2465 912 2521 cabat.
986 2463 1221 2534 Scapha
1252 2482 1397 2520 vero
1432 2483 1567 2521 cum
1600 2464 1986 2536 nequissimis
2022 2463 2218 2520 subita
2249 2467 2533 2536 voragine
2567 2467 2817 2524 circum-

378 2566 621 2618 Fruitless
720 2559 899 2615 ducta
946 2559 1010 2613 in
1058 2563 1343 2614 ueternum
1391 2564 1484 2614 est
1530 2558 1822 2630 absorpta.
1913 2558 2044 2613 Rex
2077 2555 2300 2613 autem
2345 2550 2614 2616 interim
2665 2579 2816 2617 nono

375 2633 597 2749 ἱξὲοῗξ
618 2701 689 2765 by
722 2678 871 2717 anno
906 2651 1096 2738 regni
1140 2650 1243 2716 sui
1280 2661 1647 2716 Lincolniam
1695 2659 2019 2716 obsidebat.
2110 2661 2229 2716 Ubi
2265 2681 2400 2718 cum
2435 2663 2819 2721 munitionem

374 2765 641 2830 Stephen3
714 2759 919 2810 contra
998 2753 1326 2816 castellum,
1390 2752 1548 2823 quod
1594 2769 1791 2807 comes
1809 2751 1831 2784 ⁶
1893 2793 1906 2807 .
1967 2793 1981 2809 .
2039 2795 2052 2808 .
2113 2753 2428 2810 Cistrensis
2499 2756 2814 2823 obtinebat,

720 2842 1111 2903 construeret,
1190 2843 1526 2907 operatores
1564 2837 1659 2893 sui
1696 2837 1770 2892 ab
1825 2836 2091 2893 hostibus
2143 2839 2443 2909 praefocati
2498 2846 2637 2897 sunt
2695 2842 2818 2899 sere

722 2922 1041 2993 octoginta.
1142 2922 1230 2976 Re
1290 2921 1479 2991 igitur
1550 2922 1917 2992 imperfecta,
1979 2939 2084 2976 rex
2141 2924 2420 2979 confusus
2493 2926 2818 2984 abscessit.7

376 3014 469 3063 but
483 3022 687 3079 capture
712 3006 913 3071 Anno
958 3006 1223 3092 quidem
1268 3009 1581 3090 sequente
1616 3012 1910 3068 Robertus
1936 3015 2140 3069 consul
2165 3014 2496 3073 Gloverniae
2531 3026 2592 3074 et
2625 3021 2813 3076 omnis

370 3080 667 3199 3ξὲᾗῖᾗί
714 3110 1091 3166 inimicorum
1124 3107 1420 3179 regalium
1454 3112 1643 3162 coetus
1692 3106 2002 3162 castellum
2043 3109 2199 3180 apud
2247 3108 2646 3164 Farendonam
2681 3129 2817 3167 con-

716 3200 1079 3250 struxerunt.
1153 3192 1282 3247 Rex
1330 3196 1527 3247 autem
1567 3232 1582 3245 .
1624 3231 1640 3246 .
1684 3232 1697 3246 .
1736 3191 1968 3247 viribus
2017 3192 2233 3248 coactis
2285 3192 2429 3248 illuc
2481 3192 2808 3261 advolabat,

718 3286 778 3335 et
836 3277 1335 3333 Londoniensium
1372 3317 1389 3331 .
1428 3317 1445 3331 .
1487 3316 1503 3330 .
1540 3275 1842 3347 copiosum
1859 3279 1880 3309 ⁸
1915 3277 2237 3331 exercitum
2285 3276 2626 3332 adducebat.
2700 3278 2813 3333 As·

720 3371 989 3427 silienten
1048 3370 1236 3441 igitur
1296 3369 1654 3441 aliquantis⁹
1712 3369 1920 3425 diebus
1981 3374 2258 3434 castrum,
2287 3410 2302 3423 .
2342 3411 2356 3425 .
2403 3409 2419 3424 .
2466 3381 2600 3425 non
2669 3362 2810 3428 sine

714 3488 937 3542 magna
972 3469 1277 3541 sanguinis
1315 3470 1597 3527 effusione
1631 3460 1801 3526 illud
1837 3468 2213 3541 excipienteS‚
2255 3462 2620 3529 Robertum
2664 3486 2812 3530 cum

722 3564 857 3630 suis
899 3563 1125 3649 fugere
1168 3564 1637 3651 compulerunt.

1358 3766 1552 3772 -...-———-
1583 3767 1746 3773 -ς-
1787 3768 2285 3775 μω--Ἥ

786 3892 799 3921 ¹
840 3886 1095 3955 Galsridi]
1134 3890 1371 3949 consulis,
1394 3888 1461 3939 H.
1486 3890 1643 3941 Hunt.
1759 3897 1766 3963 1
1877 3896 1898 3924 ⁸
1929 3894 2106 3959 comes]
2145 3894 2337 3953 consul,
2359 3893 2428 3943 H.
2452 3895 2614 3947 Hunt.

780 3971 801 4001 ²
834 3970 1067 4035 ενωωίνε]
1106 3968 1353 4029 cumiret,
1376 3968 1444 4018 Η.
1469 3969 1628 4019 Hunt.
1759 3964 1767 3979 ‘
1880 3974 1898 4001 ⁷
1933 3971 2062 4021 This
2083 3982 2317 4022 sentence
2338 3972 2574 4037 precedes
2594 3972 2680 4023 the
2700 3988 2814 4037 pre·

780 4052 800 4081 ⁸
832 4046 1096 4114 residebat]
1135 4049 1268 4099 facta
1290 4056 1381 4110 est,
1404 4049 1472 4098 Η.
1500 4048 1655 4099 nunt.
1810 4050 1958 4101 vicus
1979 4056 2174 4101 exn-act
2195 4050 2249 4099 in
2271 4050 2342 4100 Η.
2364 4050 2524 4102 nunt.

780 4130 800 4160 ⁴
831 4127 1100 4196 occidebat]
1142 4128 1339 4188 cecidit,
1361 4128 1429 4178 H.
1455 4130 1611 4179 Hunt.
1878 4132 1898 4161 ⁸
1930 4131 2194 4196 copiosum]
2222 4146 2556 4193 numerosum,
2567 4130 2635 4182 H.
2651 4130 2814 4183 Hunt.

778 4210 800 4238 ⁸
832 4207 994 4276 solito]
1034 4209 1191 4274 prius,
1212 4208 1279 4259 Η.
1304 4208 1461 4259 liunt.
1877 4211 1900 4240 ⁸
1931 4208 2222 4275 aliquantis]
2259 4209 2396 4271 totis,
2414 4210 2481 4261 H.
2505 4211 2663 4262 Hunt.
