3519 5734
845 792 974 857 264
1450 806 1728 855 'motus
1772 804 1989 853 ABBAs
2033 804 2343 854 TERTmS.

508 985 820 1037 A.D.1191.
844 978 1166 1046 Ricardus
1209 1002 1381 1067 erg0,
1429 981 1513 1045 ad
1557 982 1777 1066 ipsum
1842 986 2127 1045 castrum
2170 1000 2213 1043 a
2258 977 2562 1065 Philippo
2608 978 2937 1043 desertum

509 1066 624 1181 ἒξ
638 1066 765 1182 ἐζ
757 1146 792 1180 n
842 1084 1134 1163 veniens,
1205 1084 1493 1147 vovebat
1555 1104 1626 1147 se
1687 1104 1913 1148 versus
1958 1083 2194 1147 Acram
2268 1102 2609 1166 nunquam
2674 1083 2933 1167 propin·

511 1197 824 1263 byRiehard.
848 1187 1041 1271 quius
1104 1207 1510 1256 accessurum
1583 1190 1945 1269 antequam
2006 1184 2225 1269 ipsum
2292 1188 2581 1249 castrum
2648 1204 2767 1268 per
2823 1204 2939 1248 ex-

847 1288 1324 1373 pugnationem
1391 1286 1758 1373 accepisset.
1855 1286 2157 1366 Quadam
2226 1307 2380 1372 ergo
2441 1286 2550 1350 die
2618 1285 2942 1350 Ricardus

845 1388 1063 1475 ipsum
1138 1394 1425 1454 castrum
1501 1388 1799 1453 assiliens
1874 1389 1959 1454 ad
2030 1394 2255 1473 portas
2322 1386 2462 1472 ejus
2535 1388 2942 1473 propera-bat.

847 1490 1103 1571 Quibus
1147 1491 1395 1576 apertis
1441 1496 1510 1555 et
1553 1491 1716 1555 viris
1768 1490 2093 1555 bellicosis
2156 1490 2509 1555 admodum
2554 1490 2781 1574 plenis,
2825 1512 2944 1556 rex

845 1616 962 1680 per
1024 1594 1316 1658 medium
1378 1593 1773 1658 bellatorum
1836 1592 2011 1657 solus
2072 1591 2384 1657 introivit
2444 1598 2513 1656 et
2557 1592 2945 1658 Sarracenos

843 1695 1137 1781 undique
1203 1695 1585 1781 perimebat.
1665 1694 2027 1759 Bellatores
2101 1695 2266 1781 regii
2339 1695 2677 1760 dominum
2752 1716 2945 1759 suum

845 1818 1066 1883 regem
1111 1818 1152 1861 a
1198 1796 1572 1862 Sarracenis
1634 1796 1919 1861 occisum
1984 1801 2103 1861 aut
2170 1801 2437 1883 captum
2503 1796 2705 1861 fuisse
2750 1803 2946 1863 autu·

844 1902 1104 1962 mantes
1148 1903 1376 1984 portas
1419 1898 1630 1963 acrius
1673 1897 2079 1977 insiliebant,
2126 1903 2196 1963 et
2248 1897 2508 1962 aditum
2569 1904 2944 1983 repetentes

845 1998 918 2063 in
961 1999 1280 2085 superiori
1323 2004 1513 2085 parte
1559 2000 1730 2064 aulae
1791 2000 2059 2084 majoris
2106 2000 2446 2064 dominum
2492 2021 2685 2064 suum
2728 2000 2943 2065 solum

845 2100 1234 2165 Sarracenos
1301 2107 1791 2187 oppugnantem
1854 2108 2253 2188 repererunt.
2368 2100 2657 2167 Cunctos
2715 2101 2944 2187 itaque

843 2202 1234 2267 Sarracenos
1277 2203 1349 2266 in
1394 2202 1657 2268 castello
1717 2204 2214 2289 comprehensos
2280 2199 2658 2269 occiderunt
2700 2210 2945 2289 praeter

841 2309 977 2369 tres
1044 2306 1219 2369 inter
1287 2326 1395 2370 eos
1457 2304 1752 2390 majores,
1800 2306 1882 2370 de
1949 2306 2191 2391 quibus
2252 2328 2373 2371 rex
2440 2302 2759 2371 Ric‘ardus
2800 2306 2941 2392 regi

841 2406 1147 2494 Philippo
1192 2406 1546 2472 exennium
1589 2408 2049 2494 praesentabat.

845 2702 1006 2771 CAP.
1055 2702 1204 2770 XX.
1234 2703 1336 2769 De
1363 2722 1668 2788 ‘myra-scu
1695 2703 2025 2791 Philippi
2052 2706 2231 2790 rcyie
2260 2702 2579 2770 Francioe
2595 2729 2625 2785 ,·
2678 2704 2759 2769 de
2788 2724 2941 2769 con-

1019 2805 1179 2871 cilio
1223 2805 1420 2891 apud
1449 2804 1777 2872 Pariaius
1808 2813 2045 2874 contra
2072 2830 2291 2894 reyem
2318 2806 2713 2874 Ricardum
2734 2830 2764 2888 ;
2811 2806 2891 2872 dc
2918 2805 2935 2842 ³

1019 2907 1534 2992 desponsatione
1593 2909 1771 2994 ‘reqvie
1835 2910 2151 2976 Francioe
2173 2935 2201 2989 ,·
2248 2917 2309 2976 ct
2380 2911 2460 2976 dc
2522 2909 2685 2976 bello
2758 2909 2943 2974 ime-r

1017 3029 1235 3091 ‘rcycm
1277 3008 1668 3076 Ricardum
1711 3017 1773 3075 ct
1816 3010 2243 3080 Sakadinum
2304 3035 2460 3078 cum
2503 3011 2652 3077 suis
2696 3009 2943 3077 excerci-

1021 3109 1217 3176 tibus

505 3261 721 3324 Philip’s
935 3261 1082 3327 Rex
1159 3263 1522 3350 Philippus,
1591 3287 1789 3351 super
1850 3265 2154 3352 captione
2217 3264 2415 3350 hujus
2458 3266 2677 3347 castri,
2754 3267 2941 3352 cujus
2968 3277 3271 3329 wilkPan-v.

498 3325 731 3392 jealousy
754 3331 816 3378 of

2969 3347 3032 3394 de
3053 3344 3223 3395 Newb.

507 3392 747 3444 Richard.
844 3366 1399 3452 oppugnationem
1431 3367 1761 3453 inceptam
1793 3375 1863 3433 et
1892 3367 2030 3454 ipse
2060 3368 2421 3446 recusabat,
2452 3391 2649 3454 supra
2674 3369 2943 3434 modum
2969 3411 3024 3461 ἦ.
3050 3417 3131 3461 55·

842 3468 1342 3545 verecundatus,
1389 3468 1657 3534 Ricardi
1701 3469 2005 3535 felicitati
2050 3471 2252 3557 coepit
2307 3471 2626 3538 invidere.
2742 3472 2939 3552 Quod

844 3569 1201 3633 Saladinus
1247 3592 1363 3655 per
1405 3571 1854 3657 exploratores
1916 3573 2265 3637 advertens
2331 3572 2626 3638 inducias
2670 3595 2937 3660 guerra-

841 3691 990 3736 rum
1034 3692 1152 3756 pro
1197 3673 1539 3758 septennio
1584 3679 1900 3758 sequente
1945 3695 2062 3759 per
2106 3675 2554 3740 internuncios
2600 3675 2940 3763 expetivit.

842 3771 1104 3851 Quibus
1148 3772 1435 3838 induciis
1492 3796 1611 3840 rex
1657 3775 2007 3861 Philippus
2070 3777 2480 3841 consentiens
2523 3777 2947 3864 redarguitur

839 3896 880 3938 a
927 3873 1224 3941 RicardO.
1318 3875 1411 3940 Et
1441 3876 1682 3941 iterum
1731 3899 1881 3941 cum
1926 3899 2046 3942 rex
2092 3877 2413 3942 Ricardus
2458 3901 2609 3944 suos
2652 3881 2946 3966 captivos

839 3978 1290 4064 suspendisset
1336 3977 1680 4066 Philippus
1725 4001 1875 4044 suos
1922 3979 2220 4066 captivos
2265 3980 2585 4045 vendidit.
2688 3990 2778 4046 Ob
2830 3991 2945 4044 hiis
2970 3983 3035 4032 B·
3058 3981 3281 4047 Higden,

838 4095 978 4150 ergo
1033 4085 1092 4134 et
1143 4078 1430 4135 similibus
1467 4080 1810 4150 objurgatus
1829 4081 1851 4112 ²
1890 4120 1907 4137 .
1964 4122 1979 4136 .
2032 4099 2254 4137 necnon
2313 4083 2558 4153 gloriam
2596 4123 2611 4138 .
2657 4124 2670 4137 .
2710 4081 2947 4137 Ricardi
2970 4064 3033 4099 ⁰⁰
3054 4087 3066 4098 “
3092 4055 3238 4098 ²⁴⁰⁵·

504 4169 588 4219 He
609 4182 804 4250 returns
839 4189 999 4242 tegre
1037 4173 1251 4236 ferens,
1306 4172 1459 4226 aeris
1507 4171 1909 4242 intemperiem
1963 4182 2235 4230 causatus
2294 4171 2395 4230 est
2457 4172 2525 4232 et·
2588 4167 2945 4253 repatriare

501 4235 822 4355 ffiffffizggf
837 4261 1254 4348 disponebat.
1365 4263 1640 4327 Partitis
1706 4284 1862 4350 ergo
1929 4265 2108 4330 inter
2168 4267 2547 4354 Philippum
2605 4275 2674 4334 et
2721 4268 2950 4333 Ricar-

502 4369 724 4422 Auotria.
838 4364 997 4426 dum
1077 4363 1337 4428 cunctis
1403 4365 1804 4451 perquisitis,
1879 4367 2237 4454 Philippus,
2316 4391 2507 4434 suum
2582 4371 2945 4436 exercitum

841 4465 1114 4550 Hugoni
1191 4465 1344 4530 duci
1403 4465 1810 4552 Burgundiae
1885 4469 1955 4533 in
2028 4472 2353 4535 auxilium
2426 4473 2599 4559 regis
2677 4473 2945 4538 Ricardi

903 4668 922 4700 ²
957 4667 1044 4733 de]
1081 4669 1315 4731 repeated
1336 4668 1391 4720 in
1415 4667 1536 4723 MS.
1872 4672 1887 4740 Ι
1996 4675 2019 4707 ⁸
2038 4673 2349 4744 objuryatus]
2378 4685 2671 4741 commotu,
2695 4679 2759 4729 R.
2784 4678 2855 4730 H.
