3519 5734
849 788 978 851 254
1449 802 1729 849 monas
1777 799 1997 850 Annas
2041 802 2349 851 rannus,

511 982 821 1035 A.D.1190.
851 972 1170 1037 Ricardus
1213 994 1334 1037 rex
1378 973 1540 1037 duas
1583 974 1991 1061 propinquas
2036 973 2305 1052 insulas,
2353 994 2555 1037 unam
2622 994 2665 1037 a
2732 970 2955 1037 Sam

850 1075 1028 1141 cenis
1094 1076 1364 1141 alteram
1413 1098 1455 1139 a
1498 1075 1746 1141 Graecis
1810 1081 2173 1163 occupatae,
2220 1077 2663 1162 conquirebat,
2712 1081 2782 1141 et
2846 1098 2955 1141 eas

513 1173 627 1224 The
649 1176 760 1289 0¹1?-
849 1176 896 1242 J
901 1177 1180 1243 ohannae
1225 1177 1430 1242 sorori
1461 1199 1596 1243 suae
1641 1179 2028 1264 assignavit.
2122 1178 2319 1245 Cives
2362 1186 2587 1244 autem
2632 1178 2951 1243 Messanae

514 1256 648 1357 ἷιιθὲἰῗ·
661 1252 812 1371 ἒῃιῖζς,
850 1280 1159 1357 civitatis,
1204 1279 1450 1345 famam
1515 1280 1781 1345 Ricardi
1850 1281 2215 1358 audientes,
2280 1279 2671 1345 advenienti
2732 1284 2953 1365 portas

517 1375 740 1489 ffissffissd
851 1380 1244 1459 clauserunt,
1289 1404 1372 1447 ne
1417 1383 1762 1447 civitatem
1809 1404 1956 1448 cum
2003 1383 2139 1447 suis
2168 1382 2492 1447 introiret.
2582 1381 2795 1468 Super
2823 1404 2954 1469 quo

745 1478 756 1489 ”
847 1504 966 1549 rex
1009 1483 1330 1549 Ricardus
1389 1486 1672 1549 nimium
1729 1486 1945 1549 iratus
2006 1484 2129 1549 sub
2194 1488 2600 1550 sacramento
2667 1483 2956 1549 vovebat

853 1587 1072 1673 ipsum
1119 1587 1526 1651 Tancredum
1579 1608 1801 1673 regem
1848 1586 2097 1652 Siciliae
2153 1586 2657 1666 debellaturum,
2704 1586 2763 1649 si
2804 1606 2953 1671 pro·

850 1689 1134 1755 terviam
1179 1689 1422 1753 civium
1466 1689 1761 1775 ipsorum
1804 1710 1941 1753 non
1970 1689 2371 1767 refraenaret,
2404 1694 2475 1753 et
2506 1688 2955 1753 executionem

851 1791 1239 1857 testamenti
1287 1792 1450 1856 dicti
1509 1791 1855 1855 Willielmi
1916 1791 2253 1877 quondam
2298 1791 2471 1877 regis
2518 1790 2759 1856 Siciliae
2804 1810 2956 1854 con-

850 1892 1218 1959 cementi&
1268 1892 1315 1958 J
1319 1894 1648 1958 ohannam
1711 1914 1997 1959 sororem
2064 1916 2251 1957 suam
2312 1914 2445 1957 non
2490 1892 2840 1978 suppleret,
2888 1898 2957 1955 et

853 1997 936 2061 de
981 1996 1134 2061 dote
1178 1995 1384 2081 ipsius
1427 1993 1474 2059 J
1478 1996 1754 2061 ohannae
1800 1994 2072 2070 minime
2117 1994 2515 2081 provideret.
2630 2002 2955 2057 Castellum
2978 2000 3044 2050 B.
3069 2000 3293 2067 Higdm,

852 2115 996 2167 ergo
1031 2098 1298 2169 ligneum
1335 2102 1395 2153 et
1427 2098 1718 2169 portabile
1774 2104 1977 2153 contra
2028 2096 2329 2152 civitatem
2378 2094 2711 2151 Messanam
2746 2094 2952 2159 erexit,
2978 2068 3075 2117 ⁰⁰¹·
3100 2074 3249 2119 ²⁴⁰⁴*

851 2181 1008 2253 quod
1031 2188 1092 2237 et
1113 2182 1524 2253 metagriphon
1547 2182 1883 2253 appellavit.
1925 2180 2050 2249 Quo
2076 2180 2315 2252 quidem
2338 2181 2723 2235 instrumento
2748 2177 2955 2233 urbem

849 2274 1067 2328 Acram
1125 2274 1497 2344 postmodum
1557 2275 1728 2345 cepit.
1846 2264 2185 2329 Media-nte
2260 2269 2482 2328 autem
2556 2264 2731 2327 inter
2790 2260 2954 2325 duos

850 2388 1036 2452 reges
1083 2366 1345 2452 Angliae
1412 2372 1482 2430 et
1545 2366 1791 2432 Siciliae
1854 2388 2007 2454 rege
2073 2366 2373 2431 Franciae
2442 2366 2558 2431 sed
2602 2366 2765 2444 fute,
2832 2385 2953 2428 rex
2978 2372 3110 2422 Ben.

2978 2438 3168 2489 Petrib.

854 2468 1224 2549 Tancredus
1298 2469 1540 2555 reginae
1605 2469 1650 2535 J
1655 2469 1935 2535 channae
2012 2470 2095 2533 de
2170 2469 2323 2533 dote
2382 2490 2505 2533 sua
2568 2466 2955 2533 satisfecisse
2978 2521 3024 2569 p·
3052 2510 3165 2554 512·

516 2587 696 2639 'rex-ms
853 2571 1362 2656 protestabatur.
1457 2572 1622 2650 Quae
1688 2573 1891 2636 etiam
1960 2572 2085 2635 hoc
2149 2570 2481 2635 affirmans
2550 2568 2955 2656 proponebat
2978 2584 3029 2633 J.
3054 2584 3283 2647 Brompt.

517 2657 812 2773 ssffigggfh
855 2673 1138 2737 eundem
1181 2673 1589 2736 Tancredum
1634 2674 1765 2759 ipsi
1808 2674 1950 2759 regi
1982 2670 2263 2737 Ricardo
2291 2671 2484 2736 fratri
2530 2692 2649 2735 SUO
2694 2670 2777 2735 de
2821 2691 2953 2734 uno

855 2774 1207 2859 papilione,
1253 2795 1391 2838 una
1435 2775 1707 2839 mensali
1768 2776 1999 2839 tabula
2064 2795 2215 2839 cum
2262 2774 2559 2858 tristegis
2602 2773 2833 2849 aureiS,
2881 2777 2949 2837 et

856 2877 1005 2941 aliis
1073 2877 1251 2940 vasis
1313 2879 1644 2962 argenteis
1688 2883 1757 2942 et
1801 2877 2148 2954 deauratis,
2214 2897 2365 2963 quae
2412 2877 2629 2942 dictus
2673 2874 2950 2939 Williel-

857 3000 1004 3042 mus
1071 2978 1407 3064 quondam
1472 3000 1593 3042 rex
1659 2978 1903 3044 Siciliae
1970 2979 2181 3043 eidem
2230 2979 2510 3044 Ricardo
2555 2976 2951 3043 decumbens

855 3079 1210 3166 legaverat,
1253 3079 1454 3145 fuisse
1499 3079 1884 3146 debitorem.
1996 3081 2290 3159 Quorum
2336 3080 2634 3145 omnium
2677 3079 2953 3143 Tancre-

857 3182 981 3248 dus
1009 3205 1128 3248 rex
1174 3203 1243 3248 se
1289 3182 1652 3247 debitorem
1697 3204 2177 3268 recognoscenS‚
2226 3187 2313 3247 40
2356 3182 2587 3247 uncias
2632 3182 2777 3247 auri
2813 3180 2953 3266 regi

862 3284 1144 3350 Ricardo
1189 3286 1460 3371 insuper
1527 3285 1884 3370 erogabat3
1946 3285 2045 3350 ita
2105 3285 2332 3350 saltem
2384 3284 2560 3369 quod
2619 3285 2956 3348 Arthurus

859 3387 1038 3452 filius
1107 3392 1174 3451 et
1240 3387 1426 3450 heres
1487 3385 1771 3450 Galfridi
1834 3387 2097 3451 comitis
2144 3387 2527 3464 Britanniae,
2569 3385 2795 3450 fratris
2839 3385 2958 3449 Ri-

859 3488 1056 3565 cardi,
1099 3489 1305 3552 filiam
1349 3486 1558 3573 ipsius
1601 3487 1921 3553 Tancredi
1962 3489 2136 3575 regis
2204 3489 2470 3553 duceret
2531 3489 2607 3552 in
2664 3509 2953 3554 uxorem.

865 3589 1285 3675 Quapropter
1356 3589 1494 3674 ipse
1585 3589 1911 3655 Ricardus
1983 3590 2140 3655 fecit
2228 3590 2509 3655 eundem
2582 3590 2957 3655 Arthurum

860 3691 1170 3755 heredem
1238 3713 1431 3755 suum
1499 3693 1551 3756 si
1616 3693 1863 3777 absque
1938 3692 2165 3757 liberis
2229 3693 2630 3770 decessisset,
2698 3715 2817 3779 pro
2880 3713 2956 3756 eo

862 3793 1034 3878 quod
1083 3793 1260 3858 filius
1309 3798 1377 3857 et
1418 3793 1608 3858 heres
1653 3794 1860 3880 ipsius
1929 3794 2213 3858 Galfridi
2258 3795 2545 3884 secundo
2590 3799 2743 3882 post
2804 3815 2955 3860 eum

859 3896 1004 3961 nati
1048 3895 1400 3961 extitisset.

1437 4226 1452 4256 ¹
1487 4223 1841 4289 concernentia]
1879 4227 2243 4286 concernendo,
2264 4224 2381 4276 MS.

2977 2650 3074 2701 001.
3104 2656 3244 2699 1183.
