3519 5734
829 810 958 874 358
1479 825 1676 876 aueo
1715 822 1937 874 Annas
1976 825 2301 886 oum-rus.

487 1005 558 1058 A.
561 1007 629 1058 D.
645 1013 774 1059 1210
829 1005 1100 1078 remota,
1145 1001 1282 1066 fine
1345 999 1576 1066 debito
1639 1003 2097 1067 terminarent.
2187 1002 2487 1083 Quarum
2530 999 2927 1066 auctoritate

487 1081 670 1126 4220.

491 2035 704 2088 Aoum-

491 2104 723 2168 promise.

495 2453 530 2504 fi
555 2457 635 2504 40.

827 1103 1094 1191 praefati
1157 1103 1420 1189 judiees
1491 1104 1746 1170 dictum
1822 1105 2151 1191 Sayerum
2224 1111 2297 1170 et
2368 1105 2509 1191 ejus
2580 1103 2929 1190 complices

827 1207 1074 1293 pluries
1141 1206 1335 1272 citari
1397 1206 1714 1284 fecerunt,
1718 1205 1740 1244 ¹
1786 1208 1978 1274 nobis
2043 1229 2475 1326 responsuros
2492 1206 2523 1246 ²
2562 1227 2761 1294 super
2822 1226 2927 1270 re-

825 1307 1128 1374 tentione
1189 1309 1580 1375 testamenti
1624 1309 1921 1376 Amandi
1986 1311 2199 1398 patris
2262 1312 2367 1376 sui
2386 1311 2415 1349 ⁸
2458 1310 2543 1376 de
2604 1307 2930 1396 praedieta

827 1412 1130 1498 portione
1173 1412 1248 1478 in
1297 1412 1763 1478 Woetmarisco
1806 1412 1893 1479 de
1934 1413 2243 1492 Suttona‚
2276 1435 2477 1499 quam
2504 1411 2745 1478 nobis‘
2724 1433 2797 1476 m
2824 1410 2927 1475 ul-

827 1515 998 1579 tima
1025 1515 1375 1580 voluntate
1417 1537 1538 1580 sua
1581 1514 2003 1593 ooneedebat,
2032 1521 2105 1582 et
2146 1538 2345 1604 super
2384 1514 2721 1581 ablatione
2762 1512 2928 1578 xxii.

829 1617 1314 1702 quarteriorum
1357 1617 1698 1695 frumenti,
1729 1623 1801 1684 et
1846 1619 2227 1684 extortione
2255 1623 2522 1683 eentum
2550 1617 2927 1692 solidorum,

829 1725 900 1784 et
967 1720 1118 1784 aliis
1179 1721 1520 1786 nonnullis
1583 1721 1786 1785 rebus
1844 1722 1929 1786 de
1998 1721 2307 1786 domibus
2348 1720 2593 1786 nostris
2633 1720 2929 1786 violenta
3064 1807 3070 1812 .

827 1827 1236 1887 armatorum
1277 1845 1484 1888 manu
1527 1843 1647 1910 per
1677 1823 1895 1910 ipsum
1926 1823 2251 1910 Sayerum
2278 1823 2653 1911 asportatiS,
2680 1826 2752 1888 et
2778 1842 2929 1908 spo-

826 1925 1102 1990 liatione
1147 1927 1427 1991 duarum
1473 1925 1983 2004 berchal-iarum,
2028 1931 2099 1992 et
2140 1927 2591 2014 asportatione
2640 1925 2929 2012 eorporis

829 2027 1122 2092 Amandi
1167 2029 1510 2094 Pinoernae
1553 2027 1966 2115 supradicti.⁴
2054 2029 2215 2094 Post
2258 2051 2421 2116 quas
2462 2049 2619 2093 vero
2662 2027 2923 2093 crebras

829 2131 1182 2196 citationes
1241 2152 1461 2196 coram
1523 2131 1823 2219 praefatis
1880 2131 2237 2218 judicibus,
2284 2132 2368 2197 de
2412 2153 2731 2198 consensu
2774 2151 2926 2218 par·

827 2232 1019 2312 tium,
1067 2233 1151 2297 lis
1195 2255 1392 2320 super
1433 2234 1791 2321 praemissis
1836 2234 2069 2300 habita
2094 2235 2369 2300 tandem
2414 2234 2537 2299 sub
2581 2235 2705 2299 hae
2746 2231 2927 2320 panis

827 2336 1042 2401 forma
1084 2337 1512 2423 conquievit3
1574 2338 1676 2402 ita
1738 2337 1917 2423 quod
1982 2359 2104 2402 nos
2148 2359 2379 2403 omnes
2422 2337 2718 2424 querelas
2758 2357 2927 2422 prae-

827 2439 1204 2504 nominatas
1246 2439 1530 2527 praefato
1575 2439 1829 2526 Sayero
1873 2439 2416 2509 remittebamus:
2462 2438 2639 2503 unde
2697 2437 2875 2502 idem
2894 2435 2925 2472 ⁶

829 2539 1094 2607 Saierus
1161 2541 1354 2607 nobis
1419 2542 1606 2608 dedit
1667 2541 2103 2608 sufficientem
2170 2546 2513 2629 pasturam
2568 2541 2659 2604 xl.
2708 2538 2925 2605 vaccis

827 2666 980 2708 cum
1025 2644 1288 2732 sequela
1347 2667 1470 2710 sua
1515 2646 1586 2710 in
1632 2639 1811 2710 dieto
1856 2644 2137 2710 marisoo
2182 2644 2266 2710 de
2310 2642 2647 2721 Suttona3
2706 2647 2779 2708 et
2818 2643 2923 2706 in-

828 2767 1024 2833 super
1067 2747 1385 2812 concessit
1427 2747 1620 2812 nobis
1685 2751 1756 2812 et
1800 2745 2222 2812 confirmavit
2264 2766 2493 2811 omnes
2536 2743 2925 2809 donationes

831 2871 994 2935 quas
1038 2854 1478 2915 antecessores
1523 2848 1630 2915 sui
1671 2849 2079 2915 monasterio
2106 2851 2336 2915 nostro
2363 2849 2699 2927 fecerunt;
2743 2846 2927 2912 vide-

825 2953 999 3030 licet,
1045 2952 1128 3017 de
1172 2958 1446 3039 pastura
1488 2951 1854 3019 sufficiente
1898 2952 2049 3017 aliis
2092 2952 2180 3018 xl.
2210 2950 2424 3018 vaceis
2466 2972 2619 3017 eum
2664 2950 2929 3036 sequela

827 3076 948 3119 sua
991 3056 1066 3119 in
1109 3055 1432 3142 praedicto
1475 3054 1771 3135 marimo,
1819 3060 1888 3119 et
1946 3054 2028 3119 de
2072 3054 2273 3119 terris
2314 3058 2387 3119 et
2430 3052 2735 3120 omnibus
2776 3050 2925 3117 aliis

827 3156 1039 3236 rebus,
1085 3157 1448 3223 secundum
1491 3160 1791 3223 tenorem
1828 3156 2207 3223 chartarum
2252 3160 2736 3221 antecessorum
2778 3176 2927 3220 suo-

827 3280 978 3325 rum
1025 3280 1189 3345 quas
1233 3260 1562 3325 habemus.
1634 3259 1738 3323 De
1780 3260 2011 3325 charta
2054 3263 2281 3324 tamen
2324 3258 2537 3346 patris
2580 3257 2685 3322 sui
2728 3276 2925 3343 super

827 3362 1149 3448 praedicta
1221 3366 1494 3448 pastura
1567 3361 1650 3427 de
1723 3360 2191 3427 Westmariseo
2264 3360 2519 3425 nullam
2584 3358 2927 3424 eonfirma-

828 3465 1083 3529 tionem
1147 3463 1342 3529 nobis
1403 3462 1785 3529 exhibebat.
1878 3464 2301 3529 conventum
2366 3463 2634 3549 insuper
2704 3460 2925 3526 filerat

827 3567 902 3631 in
945 3566 1068 3631 hae
1109 3572 1316 3652 parte,
1363 3566 1540 3652 quod
1585 3586 1708 3631 neo
1750 3565 2109 3651 praedictus
2158 3565 2447 3651 Sayerus
2490 3585 2611 3629 nee
2654 3563 2925 3631 heredes

829 3668 988 3755 ejuS,
1033 3691 1152 3733 nee
1212 3668 1452 3755 aliquis
1511 3668 1596 3733 de
1651 3667 2032 3733 hominibus
2090 3688 2334 3745 eorum,
2378 3668 2490 3733 vel
2546 3666 2781 3754 aliquis
2838 3690 2927 3731 ex

827 3776 1018 3859 parte
1063 3792 1306 3851 eorum,
1339 3792 1460 3837 nee
1505 3771 1706 3842 etiam
1750 3790 1873 3835 nos
1918 3774 2039 3834 aut
2082 3770 2323 3858 aliquis
2352 3792 2437 3836 ex
2464 3774 2651 3856 parte
2679 3774 2923 3850 nostra,

829 3874 1062 3939 turbas
1109 3874 1411 3940 foderent
1455 3872 1530 3937 in
1574 3872 1892 3960 praedicto
1950 3872 2247 3951 marisoe,
2292 3876 2410 3937 aut
2468 3871 2689 3958 aliquo
2748 3870 2878 3938 alio
2894 3872 2925 3909 ⁶

829 3976 1026 4041 modo
1071 3976 1459 4063 praedictam
1503 3980 1841 4063 pasturam
1873 3974 2369 4055 deteriorarent,
2401 3980 2473 4039 et
2499 3975 2585 4040 ab
2617 3974 2923 4040 omnibus

831 4077 980 4143 aliis
1044 4076 1398 4144 fossionem
1457 4077 1809 4143 turbarum
1870 4075 1945 4141 in
2008 4076 2151 4165 ipso
2212 4077 2488 4143 marisoo
2552 4098 2672 4165 pro
2734 4098 2923 4165 posse

895 4393 908 4422 ¹
946 4390 1100 4441 After
1117 4389 1354 4453 ficerunt
1372 4388 1543 4448 insert,
1565 4394 1622 4437 ut
1657 4402 1829 4437 coram
1922 4401 2104 4452 corpus
2128 4402 2275 4438 suum
2312 4388 2367 4438 in
2404 4390 2711 4441 monasterio
2746 4398 2922 4443 nostro

849 4469 953 4535 psis
975 4475 1335 4531 comparerent,
1369 4466 1430 4516 P.
1922 4466 2177 4531 legaverat
2198 4467 2557 4532 sepeliendum,
2578 4468 2637 4519 P.

894 4552 914 4579 ²
948 4545 1288 4612 responsuros]
1327 4545 1630 4609 responsuri,
1653 4545 1713 4595 P.
1988 4547 2008 4577 ⁸
2040 4546 2167 4597 unde
2188 4546 2337 4613 idem]
2373 4545 2623 4611 idemque,
2645 4548 2705 4599 P.

895 4630 915 4659 ⁸
952 4627 1060 4692 sui]
1099 4624 1295 4690 praefati
1319 4623 1514 4689 Sayeri,
1535 4624 1596 4674 P.
1987 4629 2007 4657 ⁸
2039 4624 2163 4691 alio]
2202 4627 2443 4692 quolibet,
2464 4627 2525 4677 P.

894 4708 914 4737 ⁴
946 4704 1244 4772 supradicti]
1283 4703 1388 4769 qui,
1424 4709 1482 4754 ut
1523 4703 1829 4769 praedieitur,
