3519 5734
1214 865 1407 917 Hueo
1451 863 1671 916 ABBAS
1716 864 2036 925 QUINTUS,
2536 852 2662 917 395

230 1050 295 1098 R.
320 1049 543 1115 Higden,
566 1040 797 1108 ardore
840 1041 1167 1108 maculare
1233 1044 1659 1130 praeoptabat.
1754 1051 2038 1109 Sanctum
2098 1048 2392 1122 quendam
2447 1048 2664 1114 virum,
2691 1046 2831 1098 A-D.
2860 1053 3002 1098 1214.

232 1117 329 1168 ⁰⁰¹·
352 1123 502 1169 2424.
566 1144 801 1201 nomine
837 1145 1082 1203 Petrum
1116 1146 1190 1201 de
1224 1146 1617 1214 PontefractO,
1655 1144 1908 1203 distrahi
1950 1142 2092 1201 fecit
2127 1148 2187 1200 et
2222 1141 2520 1214 suspendi,
2559 1157 2668 1213 pro
2691 1128 2844 1179 Peter
2864 1129 2926 1179 ⁰f

569 1248 637 1287 eo
674 1230 831 1302 quod
865 1231 1219 1303 praedixerat
1252 1232 1309 1287 ei
1344 1232 1535 1289 multa
1568 1231 1892 1289 infortunia
1924 1235 2165 1302 propter
2201 1228 2578 1285 crudelitates
2609 1232 2671 1283 et
2691 1195 2934 1248 P⁰¹¹²f¹⁹⁸t‘

568 1315 978 1371 fornicationes
1014 1334 1153 1373 suas
1190 1316 1462 1385 affutura,
1510 1321 1569 1373 et
1603 1315 1786 1373 etiam
1822 1315 1962 1389 quia
1995 1313 2272 1387 praedixit
2305 1313 2362 1369 ei
2408 1312 2564 1385 quod
2599 1311 2670 1367 14

569 1408 735 1465 annis
788 1416 1084 1481 regnaret,
1126 1428 1262 1467 cum
1314 1418 1511 1467 tamen
1545 1410 1615 1467 18
1653 1428 1819 1482 paene
1869 1408 2034 1466 annis
2076 1400 2220 1486 jam
2264 1402 2420 1463 ante
2457 1424 2668 1478 regna-

568 1504 769 1565 verat3
831 1498 1110 1570 ignorans
1162 1500 1225 1553 in
1276 1500 1388 1555 hoc
1443 1499 1601 1571 quod
1651 1499 1721 1553 14
1773 1498 1938 1554 annis
1989 1502 2220 1554 tantum
2271 1493 2428 1553 ante
2487 1496 2672 1552 libere

567 1583 864 1648 regnaret,
905 1578 1009 1634 sed
1044 1578 1237 1634 tribus
1274 1578 1441 1633 annis
1476 1596 1593 1633 non
1625 1577 1834 1644 libere,
1875 1577 2016 1649 quia
2052 1578 2163 1633 sub
2197 1579 2420 1634 tributo
2454 1576 2672 1649 papali.

568 1661 681 1717 Isti
730 1662 909 1717 Petro
956 1662 1050 1717 bis
1102 1663 1259 1735 apud
1307 1663 1639 1719 Eboracum
1692 1668 1753 1719 et
1806 1662 1992 1718 semel
2041 1663 2199 1735 apud
2233 1663 2673 1719 Pontefractum

572 1746 845 1817 apparuit
879 1745 1153 1803 Christus
1188 1746 1253 1801 in
1289 1747 1477 1803 forma
1510 1746 1701 1819 pueri,
1740 1746 1896 1801 inter
1947 1763 2156 1803 manus
2208 1746 2546 1811 sacerdotis,
2585 1743 2674 1799 in-

572 1830 805 1886 sufflans
842 1830 905 1885 in
939 1848 1096 1897 eum,
1136 1836 1197 1887 et
1243 1837 1334 1887 ter
1367 1831 1589 1899 dicens,
1633 1834 1671 1858 “
1692 1830 1832 1897 Pax,
1873 1830 2016 1897 Pax,
2054 1830 2269 1886 Pa112’
2341 1829 2672 1901 Docuitque

570 1932 706 1969 eum
740 1914 929 1970 multa
965 1933 1096 1987 quse
1133 1915 1505 1987 postmodum
1556 1916 1855 1971 enarravit
1902 1914 2278 1986 pontificibus
2331 1921 2394 1970 et
2439 1913 2672 1986 populis

569 1998 723 2053 male
756 1998 1109 2056 viventibus.
1182 1999 1409 2072 Raptus
1464 2004 1556 2056 est
1605 2001 1786 2055 etiam
1837 1999 2154 2070 aliquando
2207 2000 2272 2055 in
2323 1998 2539 2054 mentis
2577 2016 2672 2053 ex·

571 2100 743 2139 cessu
794 2101 900 2156 per
947 2088 1071 2141 tres
1126 2083 1253 2142 dies
1308 2089 1367 2141 et
1416 2090 1637 2152 noctes,
1676 2082 1782 2139 ubi
1817 2083 1970 2142 vidit
2005 2083 2226 2156 gaudia
2259 2084 2568 2143 beatorum
2615 2085 2676 2139 et

572 2184 772 2238 poenas
808 2168 1215 2245 reproborum.

576 2502 734 2575 CAP.
782 2504 967 2573 XVI.
1036 2506 1135 2575 De
1200 2504 1553 2574 discordia
1612 2505 1802 2575 inter
1865 2526 2088 2593 rcycm
2153 2504 2551 2575 Johannem
2611 2512 2673 2575 ct

742 2632 1047 2697 proceres
1066 2634 1095 2691 ;
1148 2610 1229 2678 dc
1268 2610 1621 2677 Loclowico
1648 2610 1812 2696 filio
1856 2609 2040 2696 rcyis
2082 2608 2402 2679 Francia}
2447 2618 2670 2679 vocato

752 2713 845 2780 ad
890 2712 1196 2801 reymeri
1231 2713 1513 2800 Anqlioe
1528 2739 1558 2796 ;
1604 2720 1667 2780 ct
1712 2713 1792 2781 de
1835 2720 2048 2781 ‘morte
2092 2714 2270 2801 rcyis
2300 2714 2360 2781 J
2351 2714 2668 2783 ohannis.

662 2897 767 2963 Ob
812 2898 1190 2985 hujusmodi
1218 2899 1427 2986 igitur
1470 2899 1643 2987 regis
1673 2899 2039 2982 malefacta,
2071 2921 2369 2989 proceres
2397 2903 2669 2989 quidam
2699 2921 3004 2976 A.D.1215.

574 3005 807 3066 contra
863 3023 1089 3090 regem·
1147 3003 1667 3094 insurrexerunt,
1712 3007 1783 3068 et
1845 3003 2150 3082 civitates
2215 3004 2536 3091 quasdam
2600 3013 2672 3073 et
2696 3005 2953 3084 Ipsurrec-

574 3102 767 3168 villas
830 3104 1045 3191 regias
1113 3109 1519 3192 acceperunt.
1631 3104 1891 3185 Quibus
1957 3106 2257 3194 cognitis,
2322 3129 2443 3174 rex
2510 3109 2669 3197 ipse,
2696 3075 2990 3192 &pagg-the

574 3206 1096 3296 archiepiscopus
1153 3213 1226 3276 et
1286 3207 1404 3274 alii
1466 3230 1762 3298 proceres
1824 3209 1992 3298 regi.
2027 3211 2346 3295 faventes,
2393 3212 2670 3281 adunati

574 3309 967 3376 seditionem
1056 3333 1395 3398 procerum
1470 3311 1697 3378 sedare
1773 3312 2222 3382 decreverunt.
2334 3317 2476 3385 Ubi
2549 3343 2670 3386 rex
2693 3335 2886 3403 Magna

572 3413 945 3498 proceribus
988 3418 1058 3480 et
1102 3415 1251 3481 aliis
1294 3414 1432 3481 suis
1476 3414 1871 3503 Angligenis
1913 3416 2210 3484 chartam
2242 3420 2324 3486 de
2367 3421 2671 3509 plurimis
2693 3405 2908 3537 gffld
2928 3475 2998 3539 by

574 3513 993 3609 libertatibus
1024 3517 1283 3604 qualem
1329 3517 1591 3606 exigere
1636 3519 1954 3586 volebant
1981 3524 2394 3592 concedebat.
2471 3527 2672 3596 Unde
2694 3539 2858 3592 John.

574 3639 696 3684 rex
741 3624 811 3684 et
869 3622 1091 3686 cuncti
1148 3621 1252 3687 sui
1310 3644 1605 3708 proceres
1663 3623 1751 3689 ad
1795 3626 2210 3692 concordiam
2261 3628 2526 3696 fuerant
2570 3655 2672 3700 re·-

577 3722 811 3788 vocati.
897 3723 1063 3804 Quae
1110 3725 1451 3790 concordia
1479 3725 1653 3791 inita
1698 3726 1953 3793 diutius
1997 3751 2134 3795 non
2166 3730 2476 3816 duravit3
2523 3757 2672 3802 cum

576 3825 753 3890 idem
798 3847 919 3892 rex
962 3827 1256 3894 articulis
1318 3828 1391 3892 in
1460 3823 1655 3894 dicta'
1708 3833 2120 3900 concessione
2189 3857 2389 3921 quam
2431 3837 2674 3905 fecerat

460 4004 466 4010 ,
576 3931 905 3996 contentis
963 3933 1394 3998 contravenit.
1489 3931 1691 4000 Unde
1751 3936 2046 4000 maxima
2087 3959 2238 4024 pars
2283 3947 2673 4026 magnatum
2700 3952 2942 4005 Renewal

576 4033 841 4121 Angliae
885 4034 1163 4100 adunati
1202 4034 1447 4100 iterum
1490 4041 1724 4100 contra.
1767 4037 2020 4103 dictum
2048 4038 2097 4104 J
2098 4039 2425 4107 ohannem
2455 4067 2674 4133 regem
2701 4021 2762 4069 ος
2776 4021 2863 4071 ‘¹¹²
2882 4021 2965 4070 in-

575 4138 917 4224 insurgere
959 4138 1233 4204 minime
1285 4139 1697 4206 differebant.
1793 4140 1930 4207 Sed
1987 4165 2296 4229 guerram
2347 4169 2675 4215 resumen-
2700 4095 2992 4140 ⁸urrecnon.

577 4247 694 4319 tes,
739 4242 1035 4307 maneria
1076 4241 1261 4329 regia
1319 4242 1776 4330 depraedantes
1819 4245 2283 4330 incendebant,
2328 4249 2674 4340 ipsumque

577 4367 799 4432 regem
843 4345 889 4410 J
892 4344 1219 4410 ohannem
1284 4368 1327 4410 a
1368 4367 1572 4434 regno
1640 4351 1710 4413 et
1762 4349 2084 4436 regimine
2129 4353 2456 4439 expellere
2499 4362 2673 4425 saw

578 4451 842 4536 gebant.
949 4449 1097 4515 Rex
1158 4454 1430 4516 econtra
1496 4451 1794 4538 undique
1835 4452 2210 4536 ‘bellatores
2269 4457 2673 4548 alienigenas

578 4553 650 4617 in
714 4553 817 4618 sui
863 4554 1187 4618 auxilium
1250 4553 1672 4633 conducebat,
1717 4556 1819 4620 ita
1861 4560 1958 4636 ut,
2005 4557 2180 4624 infra
2247 4558 2446 4628 breve
2509 4568 2675 4629 tem-

476 4722 481 4726 ,
578 4655 755 4743 poris
798 4655 1245 4739 intervallum,
1291 4679 1412 4723 rex
1456 4679 1607 4723 cum
1654 4657 1792 4723 suis
1836 4659 2222 4748 alienigenis
2267 4664 2675 4734 conductivis

274 4775 305 4801 ⁵
578 4765 649 4826 et
690 4765 959 4825 econtra
1000 4759 1279 4826 barones
1322 4761 1509 4848 regni
1555 4783 1755 4849 regno
1800 4761 2068 4849 Angliae
2113 4764 2379 4834 finalem
2416 4769 2696 4838 exitum·
