<?xml version="1.0" encoding="UTF-8"?>
<!DOCTYPE html PUBLIC "-//W3C//DTD XHTML 1.0 Transitional//EN"
    "http://www.w3.org/TR/xhtml1/DTD/xhtml1-transitional.dtd">
<html xmlns="http://www.w3.org/1999/xhtml" xml:lang="en" lang="en">
 <head>
  <title>
</title>
<meta http-equiv="Content-Type" content="text/html;charset=utf-8" />
  <meta name='ocr-system' content='tesseract 3.04.00' />
  <meta name='ocr-capabilities' content='ocr_page ocr_carea ocr_par ocr_line ocrx_word'/>
</head>
<body>
  <div class='ocr_page' id='page_1' title='image "./chronicamonaste00burtgoog_0484.png"; bbox 0 0 3519 5734; ppageno 0'>
   <div class='ocr_carea' id='block_1_1' title="bbox 1260 796 2702 914">
    <p class='ocr_par' dir='ltr' id='par_1_1' title="bbox 1260 796 2702 914">
     <span class='ocr_line' id='line_1_1' title="bbox 1260 796 2702 914; baseline -0.001 -11"><span class='ocrx_word' id='word_1_1' title='bbox 1260 852 1457 905; x_wconf 76' lang='lat' dir='ltr'>nuso</span> <span class='ocrx_word' id='word_1_2' title='bbox 1502 796 1719 903; x_wconf 47' lang='lat' dir='ltr'>Annis</span> <span class='ocrx_word' id='word_1_3' title='bbox 1764 848 2081 914; x_wconf 71' lang='lat' dir='ltr'><strong>QUINTUS.</strong></span> <span class='ocrx_word' id='word_1_4' title='bbox 2577 836 2702 903; x_wconf 80' lang='grc'>391</span> 
     </span>
    </p>
   </div>
   <div class='ocr_carea' id='block_1_2' title="bbox 611 1000 3050 4513">
    <p class='ocr_par' dir='ltr' id='par_1_2' title="bbox 612 1000 3046 1323">
     <span class='ocr_line' id='line_1_2' title="bbox 612 1000 3046 1116; baseline -0.001 -23"><span class='ocrx_word' id='word_1_5' title='bbox 612 1048 813 1113; x_wconf 86' lang='lat' dir='ltr'>quam</span> <span class='ocrx_word' id='word_1_6' title='bbox 857 1028 1133 1095; x_wconf 88' lang='lat' dir='ltr'>militari</span> <span class='ocrx_word' id='word_1_7' title='bbox 1176 1028 1477 1095; x_wconf 89' lang='lat' dir='ltr'>tumultu</span> <span class='ocrx_word' id='word_1_8' title='bbox 1534 1029 1709 1116; x_wconf 88' lang='lat' dir='ltr'>regis</span> <span class='ocrx_word' id='word_1_9' title='bbox 1769 1000 2174 1094; x_wconf 73' lang='lat' dir='ltr'>Francorum</span> <span class='ocrx_word' id='word_1_10' title='bbox 2233 1027 2593 1113; x_wconf 83' lang='lat' dir='ltr'>apparatus</span> <span class='ocrx_word' id='word_1_11' title='bbox 2635 1024 2712 1091; x_wconf 86' lang='lat' dir='ltr'>in</span> <span class='ocrx_word' id='word_1_12' title='bbox 2733 1027 3046 1083; x_wconf 78' lang='lat' dir='ltr'>A-D-1218·</span> 
     </span>
     <span class='ocr_line' id='line_1_3' title="bbox 612 1128 2713 1217; baseline 0 -23"><span class='ocrx_word' id='word_1_13' title='bbox 612 1130 881 1197; x_wconf 90' lang='lat' dir='ltr'>irritum</span> <span class='ocrx_word' id='word_1_14' title='bbox 924 1153 1247 1210; x_wconf 87' lang='lat' dir='ltr'>revocare,</span> <span class='ocrx_word' id='word_1_15' title='bbox 1292 1137 1503 1199; x_wconf 85' lang='lat' dir='ltr'>certos</span> <span class='ocrx_word' id='word_1_16' title='bbox 1569 1131 1844 1198; x_wconf 90' lang='lat' dir='ltr'>nuntios</span> <span class='ocrx_word' id='word_1_17' title='bbox 1887 1130 1974 1196; x_wconf 88' lang='lat' dir='ltr'>ad</span> <span class='ocrx_word' id='word_1_18' title='bbox 2019 1128 2454 1217; x_wconf 87' lang='lat' dir='ltr'>apostolicum</span> <span class='ocrx_word' id='word_1_19' title='bbox 2499 1134 2713 1195; x_wconf 87' lang='lat' dir='ltr'>trans·</span> 
     </span>
     <span class='ocr_line' id='line_1_4' title="bbox 612 1232 2712 1323; baseline 0.001 -27"><span class='ocrx_word' id='word_1_20' title='bbox 612 1232 942 1314; x_wconf 85' lang='lat' dir='ltr'>mittebat,</span> <span class='ocrx_word' id='word_1_21' title='bbox 986 1234 1363 1323; x_wconf 85' lang='lat' dir='ltr'>significans</span> <span class='ocrx_word' id='word_1_22' title='bbox 1426 1256 1497 1300; x_wconf 91' lang='lat' dir='ltr'>se</span> <span class='ocrx_word' id='word_1_23' title='bbox 1558 1234 1731 1300; x_wconf 84' lang='lat' dir='ltr'>velle</span> <span class='ocrx_word' id='word_1_24' title='bbox 1789 1233 2128 1299; x_wconf 87' lang='lat' dir='ltr'>humiliari</span> <span class='ocrx_word' id='word_1_25' title='bbox 2173 1237 2243 1299; x_wconf 93' lang='lat' dir='ltr'>et</span> <span class='ocrx_word' id='word_1_26' title='bbox 2287 1232 2376 1299; x_wconf 86' lang='lat' dir='ltr'>ad</span> <span class='ocrx_word' id='word_1_27' title='bbox 2420 1232 2712 1299; x_wconf 77' lang='lat' dir='ltr'>satisfac—</span> 
     </span>
    </p>

    <p class='ocr_par' dir='ltr' id='par_1_3' title="bbox 611 1335 3046 1941">
     <span class='ocr_line' id='line_1_5' title="bbox 612 1335 2710 1424; baseline 0 -23"><span class='ocrx_word' id='word_1_28' title='bbox 612 1336 862 1402; x_wconf 89' lang='lat' dir='ltr'>tionem</span> <span class='ocrx_word' id='word_1_29' title='bbox 924 1338 1285 1404; x_wconf 89' lang='lat' dir='ltr'>secundum</span> <span class='ocrx_word' id='word_1_30' title='bbox 1346 1338 1814 1404; x_wconf 71' lang='lat' dir='ltr'><strong>discretionem</strong></span> <span class='ocrx_word' id='word_1_31' title='bbox 1875 1335 2302 1424; x_wconf 85' lang='lat' dir='ltr'>apostolicam</span> <span class='ocrx_word' id='word_1_32' title='bbox 2347 1356 2710 1423; x_wconf 88' lang='lat' dir='ltr'>properare.</span> 
     </span>
     <span class='ocr_line' id='line_1_6' title="bbox 612 1426 3046 1529; baseline -0.002 -26"><span class='ocrx_word' id='word_1_33' title='bbox 612 1440 993 1526; x_wconf 88' lang='lat' dir='ltr'>Apostolico</span> <span class='ocrx_word' id='word_1_34' title='bbox 1050 1462 1205 1529; x_wconf 83' lang='lat' dir='ltr'>ergo</span> <span class='ocrx_word' id='word_1_35' title='bbox 1274 1440 1492 1506; x_wconf 89' lang='lat' dir='ltr'>adhuc</span> <span class='ocrx_word' id='word_1_36' title='bbox 1534 1440 1890 1528; x_wconf 83' lang='lat' dir='ltr'>praefatum</span> <span class='ocrx_word' id='word_1_37' title='bbox 1935 1426 2406 1525; x_wconf 79' lang='lat' dir='ltr'>Pandulphum</span> <span class='ocrx_word' id='word_1_38' title='bbox 2449 1438 2525 1503; x_wconf 89' lang='lat' dir='ltr'>in</span> <span class='ocrx_word' id='word_1_39' title='bbox 2569 1436 2710 1503; x_wconf 76' lang='lat' dir='ltr'>An-</span> <span class='ocrx_word' id='word_1_40' title='bbox 2735 1444 2834 1497; x_wconf 80' lang='lat' dir='ltr'>His</span> <span class='ocrx_word' id='word_1_41' title='bbox 2847 1460 3046 1526; x_wconf 60' lang='lat' dir='ltr'>surren-</span> 
     </span>
     <span class='ocr_line' id='line_1_7' title="bbox 611 1514 2998 1647; baseline 0 -41"><span class='ocrx_word' id='word_1_42' title='bbox 611 1542 815 1628; x_wconf 81' lang='lat' dir='ltr'>gliam</span> <span class='ocrx_word' id='word_1_43' title='bbox 872 1542 1272 1622; x_wconf 90' lang='lat' dir='ltr'>remittente,</span> <span class='ocrx_word' id='word_1_44' title='bbox 1318 1543 1499 1610; x_wconf 89' lang='lat' dir='ltr'>idem</span> <span class='ocrx_word' id='word_1_45' title='bbox 1544 1566 1665 1611; x_wconf 83' lang='lat' dir='ltr'>rex</span> <span class='ocrx_word' id='word_1_46' title='bbox 1708 1543 1757 1609; x_wconf 88' lang='lat' dir='ltr'><strong>J</strong></span> <span class='ocrx_word' id='word_1_47' title='bbox 1758 1544 2051 1610; x_wconf 87' lang='lat' dir='ltr'>ohannes</span> <span class='ocrx_word' id='word_1_48' title='bbox 2093 1564 2214 1629; x_wconf 89' lang='lat' dir='ltr'>pro</span> <span class='ocrx_word' id='word_1_49' title='bbox 2277 1563 2348 1607; x_wconf 88' lang='lat' dir='ltr'>se</span> <span class='ocrx_word' id='word_1_50' title='bbox 2415 1546 2484 1608; x_wconf 87' lang='lat' dir='ltr'>et</span> <span class='ocrx_word' id='word_1_51' title='bbox 2527 1541 2712 1607; x_wconf 87' lang='lat' dir='ltr'>here·</span> <span class='ocrx_word' id='word_1_52' title='bbox 2735 1514 2998 1647; x_wconf 38' lang='lat' dir='ltr'>affigo?</span> 
     </span>
     <span class='ocr_line' id='line_1_8' title="bbox 613 1643 2956 1737; baseline 0.001 -29"><span class='ocrx_word' id='word_1_53' title='bbox 613 1643 811 1710; x_wconf 87' lang='lat' dir='ltr'>dibus</span> <span class='ocrx_word' id='word_1_54' title='bbox 872 1647 1026 1724; x_wconf 90' lang='lat' dir='ltr'>suis,</span> <span class='ocrx_word' id='word_1_55' title='bbox 1072 1647 1302 1713; x_wconf 92' lang='lat' dir='ltr'>eodem</span> <span class='ocrx_word' id='word_1_56' title='bbox 1363 1645 1585 1733; x_wconf 83' lang='lat' dir='ltr'>legato</span> <span class='ocrx_word' id='word_1_57' title='bbox 1652 1646 2006 1725; x_wconf 73' lang='lat' dir='ltr'><strong>mediante,</strong></span> <span class='ocrx_word' id='word_1_58' title='bbox 2069 1644 2266 1709; x_wconf 91' lang='lat' dir='ltr'>beato</span> <span class='ocrx_word' id='word_1_59' title='bbox 2310 1644 2512 1710; x_wconf 89' lang='lat' dir='ltr'>Petro</span> <span class='ocrx_word' id='word_1_60' title='bbox 2553 1666 2710 1732; x_wconf 77' lang='lat' dir='ltr'>apo·</span> <span class='ocrx_word' id='word_1_61' title='bbox 2737 1648 2848 1698; x_wconf 85' lang='lat' dir='ltr'>into</span> <span class='ocrx_word' id='word_1_62' title='bbox 2867 1649 2956 1737; x_wconf 65' lang='lat' dir='ltr'>‚the</span> 
     </span>
     <span class='ocr_line' id='line_1_9' title="bbox 614 1731 2916 1836; baseline 0.001 -25"><span class='ocrx_word' id='word_1_63' title='bbox 614 1748 802 1825; x_wconf 79' lang='lat' dir='ltr'>stolo,</span> <span class='ocrx_word' id='word_1_64' title='bbox 848 1748 1246 1836; x_wconf 88' lang='lat' dir='ltr'>dominoque</span> <span class='ocrx_word' id='word_1_65' title='bbox 1290 1770 1485 1836; x_wconf 84' lang='lat' dir='ltr'>papae</span> <span class='ocrx_word' id='word_1_66' title='bbox 1529 1749 1921 1815; x_wconf 73' lang='lat' dir='ltr'>Innocentio</span> <span class='ocrx_word' id='word_1_67' title='bbox 1968 1752 2009 1813; x_wconf 87' lang='lat'><strong>3</strong></span> <span class='ocrx_word' id='word_1_68' title='bbox 2056 1748 2326 1835; x_wconf 87' lang='lat' dir='ltr'>ejusque</span> <span class='ocrx_word' id='word_1_69' title='bbox 2371 1746 2712 1813; x_wconf 82' lang='lat' dir='ltr'>catholicis</span> <span class='ocrx_word' id='word_1_70' title='bbox 2737 1731 2916 1835; x_wconf 56' lang='lat' dir='ltr'>ffld:</span> 
     </span>
     <span class='ocr_line' id='line_1_10' title="bbox 614 1848 2714 1941; baseline 0 -26"><span class='ocrx_word' id='word_1_71' title='bbox 614 1851 1110 1933; x_wconf 77' lang='lat' dir='ltr'>successoribuS,</span> <span class='ocrx_word' id='word_1_72' title='bbox 1186 1850 1503 1941; x_wconf 85' lang='lat' dir='ltr'>Angliam</span> <span class='ocrx_word' id='word_1_73' title='bbox 1578 1856 1651 1918; x_wconf 90' lang='lat' dir='ltr'>et</span> <span class='ocrx_word' id='word_1_74' title='bbox 1718 1850 2138 1939; x_wconf 85' lang='lat' dir='ltr'>Hiberniam,</span> <span class='ocrx_word' id='word_1_75' title='bbox 2215 1872 2333 1937; x_wconf 90' lang='lat' dir='ltr'>pro</span> <span class='ocrx_word' id='word_1_76' title='bbox 2419 1848 2714 1917; x_wconf 83' lang='lat' dir='ltr'>satisfac·-</span> 
     </span>
    </p>

    <p class='ocr_par' dir='ltr' id='par_1_4' title="bbox 615 1952 2716 2145">
     <span class='ocr_line' id='line_1_11' title="bbox 616 1952 2714 2043; baseline 0 -25"><span class='ocrx_word' id='word_1_77' title='bbox 616 1952 797 2018; x_wconf 89' lang='lat' dir='ltr'>tione</span> <span class='ocrx_word' id='word_1_78' title='bbox 885 1976 1271 2021; x_wconf 79' lang='lat' dir='ltr'><strong>excessuum</strong></span> <span class='ocrx_word' id='word_1_79' title='bbox 1352 1976 1639 2035; x_wconf 89' lang='lat' dir='ltr'>suorum,</span> <span class='ocrx_word' id='word_1_80' title='bbox 1716 1955 1792 2019; x_wconf 90' lang='lat' dir='ltr'>in</span> <span class='ocrx_word' id='word_1_81' title='bbox 1880 1958 2274 2043; x_wconf 88' lang='lat' dir='ltr'>perpetuum</span> <span class='ocrx_word' id='word_1_82' title='bbox 2357 1953 2714 2034; x_wconf 81' lang='lat' dir='ltr'>offerebat3</span> 
     </span>
     <span class='ocr_line' id='line_1_12' title="bbox 615 2056 2716 2145; baseline 0 -22"><span class='ocrx_word' id='word_1_83' title='bbox 615 2056 939 2143; x_wconf 78' lang='lat' dir='ltr'>tactisque</span> <span class='ocrx_word' id='word_1_84' title='bbox 1005 2058 1434 2125; x_wconf 87' lang='lat' dir='ltr'>sacrosanctis</span> <span class='ocrx_word' id='word_1_85' title='bbox 1498 2057 1876 2145; x_wconf 53' lang='lat' dir='ltr'>evangeliis</span> <span class='ocrx_word' id='word_1_86' title='bbox 1937 2056 2201 2143; x_wconf 87' lang='lat' dir='ltr'>juravit</span> <span class='ocrx_word' id='word_1_87' title='bbox 2268 2058 2443 2142; x_wconf 91' lang='lat' dir='ltr'>quod</span> <span class='ocrx_word' id='word_1_88' title='bbox 2505 2062 2716 2123; x_wconf 85' lang='lat' dir='ltr'>terras</span> 
     </span>
    </p>

    <p class='ocr_par' dir='ltr' id='par_1_5' title="bbox 613 2159 2718 2251">
     <span class='ocr_line' id='line_1_13' title="bbox 613 2159 2718 2251; baseline 0.001 -27"><span class='ocrx_word' id='word_1_89' title='bbox 613 2159 779 2240; x_wconf 86' lang='lat' dir='ltr'>illas,</span> <span class='ocrx_word' id='word_1_90' title='bbox 826 2164 1000 2229; x_wconf 84' lang='lat' dir='ltr'>sicut</span> <span class='ocrx_word' id='word_1_91' title='bbox 1067 2164 1545 2251; x_wconf 73' lang='lat' dir='ltr'>patrimonium</span> <span class='ocrx_word' id='word_1_92' title='bbox 1590 2163 1823 2230; x_wconf 84' lang='lat' dir='ltr'>Sancti</span> <span class='ocrx_word' id='word_1_93' title='bbox 1870 2162 2072 2239; x_wconf 88' lang='lat' dir='ltr'>Petri,</span> <span class='ocrx_word' id='word_1_94' title='bbox 2117 2161 2202 2227; x_wconf 88' lang='lat' dir='ltr'>de</span> <span class='ocrx_word' id='word_1_95' title='bbox 2269 2161 2498 2227; x_wconf 89' lang='lat' dir='ltr'>eodem</span> <span class='ocrx_word' id='word_1_96' title='bbox 2541 2184 2718 2250; x_wconf 85' lang='lat' dir='ltr'>papa</span> 
     </span>
    </p>

    <p class='ocr_par' dir='ltr' id='par_1_6' title="bbox 612 2262 2762 2457">
     <span class='ocr_line' id='line_1_14' title="bbox 614 2262 2762 2354; baseline 0 -25"><span class='ocrx_word' id='word_1_97' title='bbox 614 2264 882 2354; x_wconf 87' lang='lat' dir='ltr'>ejusque</span> <span class='ocrx_word' id='word_1_98' title='bbox 949 2266 1288 2333; x_wconf 74' lang='lat' dir='ltr'>catholicis</span> <span class='ocrx_word' id='word_1_99' title='bbox 1360 2265 1840 2333; x_wconf 87' lang='lat' dir='ltr'>successoribus</span> <span class='ocrx_word' id='word_1_100' title='bbox 1913 2264 2053 2351; x_wconf 90' lang='lat' dir='ltr'>ipse</span> <span class='ocrx_word' id='word_1_101' title='bbox 2127 2268 2200 2329; x_wconf 87' lang='lat' dir='ltr'>et</span> <span class='ocrx_word' id='word_1_102' title='bbox 2271 2263 2538 2331; x_wconf 84' lang='lat' dir='ltr'>heredes</span> <span class='ocrx_word' id='word_1_103' title='bbox 2610 2265 2710 2331; x_wconf 91' lang='lat' dir='ltr'>sui</span> <span class='ocrx_word' id='word_1_104' title='bbox 2753 2262 2762 2271; x_wconf 79' lang='grc'><strong>”</strong></span> 
     </span>
     <span class='ocr_line' id='line_1_15' title="bbox 612 2366 2716 2457; baseline -0.001 -24"><span class='ocrx_word' id='word_1_105' title='bbox 612 2372 935 2455; x_wconf 84' lang='lat' dir='ltr'>tanquam</span> <span class='ocrx_word' id='word_1_106' title='bbox 980 2369 1261 2435; x_wconf 88' lang='lat' dir='ltr'>feodarii</span> <span class='ocrx_word' id='word_1_107' title='bbox 1304 2368 1377 2433; x_wconf 86' lang='lat' dir='ltr'>in</span> <span class='ocrx_word' id='word_1_108' title='bbox 1421 2373 1816 2457; x_wconf 87' lang='lat' dir='ltr'>perpetuum</span> <span class='ocrx_word' id='word_1_109' title='bbox 1859 2366 2271 2447; x_wconf 84' lang='lat' dir='ltr'>retinerent3</span> <span class='ocrx_word' id='word_1_110' title='bbox 2315 2372 2404 2447; x_wconf 92' lang='lat' dir='ltr'>et,</span> <span class='ocrx_word' id='word_1_111' title='bbox 2449 2367 2525 2431; x_wconf 85' lang='lat' dir='ltr'>in</span> <span class='ocrx_word' id='word_1_112' title='bbox 2583 2366 2716 2453; x_wconf 86' lang='lat' dir='ltr'>sig-</span> 
     </span>
    </p>

    <p class='ocr_par' dir='ltr' id='par_1_7' title="bbox 612 2469 2952 2869">
     <span class='ocr_line' id='line_1_16' title="bbox 612 2469 2714 2560; baseline -0 -25"><span class='ocrx_word' id='word_1_113' title='bbox 612 2492 775 2536; x_wconf 92' lang='lat' dir='ltr'>num</span> <span class='ocrx_word' id='word_1_114' title='bbox 820 2477 1157 2560; x_wconf 81' lang='lat' dir='ltr'>perpetuae</span> <span class='ocrx_word' id='word_1_115' title='bbox 1198 2470 1639 2556; x_wconf 87' lang='lat' dir='ltr'>subjectionis,</span> <span class='ocrx_word' id='word_1_116' title='bbox 1671 2470 1752 2535; x_wconf 92' lang='lat' dir='ltr'>de</span> <span class='ocrx_word' id='word_1_117' title='bbox 1782 2469 2154 2536; x_wconf 75' lang='lat' dir='ltr'>redditibus</span> <span class='ocrx_word' id='word_1_118' title='bbox 2198 2470 2396 2557; x_wconf 86' lang='lat' dir='ltr'>regiis</span> <span class='ocrx_word' id='word_1_119' title='bbox 2424 2470 2714 2557; x_wconf 86' lang='lat' dir='ltr'>ipsarum</span> 
     </span>
     <span class='ocr_line' id='line_1_17' title="bbox 613 2572 2952 2661; baseline -0.001 -21"><span class='ocrx_word' id='word_1_120' title='bbox 613 2578 962 2651; x_wconf 85' lang='lat' dir='ltr'>terrarum,</span> <span class='ocrx_word' id='word_1_121' title='bbox 1028 2573 1317 2661; x_wconf 86' lang='lat' dir='ltr'>exceptis</span> <span class='ocrx_word' id='word_1_122' title='bbox 1380 2573 1669 2639; x_wconf 88' lang='lat' dir='ltr'>denariis</span> <span class='ocrx_word' id='word_1_123' title='bbox 1736 2572 1969 2639; x_wconf 78' lang='lat' dir='ltr'>Sancti</span> <span class='ocrx_word' id='word_1_124' title='bbox 2029 2572 2232 2652; x_wconf 87' lang='lat' dir='ltr'>Petri,</span> <span class='ocrx_word' id='word_1_125' title='bbox 2307 2575 2480 2637; x_wconf 95' lang='grc'>1000</span> <span class='ocrx_word' id='word_1_126' title='bbox 2543 2594 2713 2637; x_wconf 85' lang='lat' dir='ltr'>mar-</span> <span class='ocrx_word' id='word_1_127' title='bbox 2737 2574 2952 2628; x_wconf 68' lang='lat' dir='ltr'>Annual</span> 
     </span>
     <span class='ocr_line' id='line_1_18' title="bbox 614 2645 2937 2763; baseline 0 -21"><span class='ocrx_word' id='word_1_128' title='bbox 614 2698 721 2742; x_wconf 86' lang='lat' dir='ltr'>cas</span> <span class='ocrx_word' id='word_1_129' title='bbox 782 2676 1068 2743; x_wconf 82' lang='lat' dir='ltr'>ecclesiae</span> <span class='ocrx_word' id='word_1_130' title='bbox 1114 2675 1431 2743; x_wconf 83' lang='lat' dir='ltr'>Romanae</span> <span class='ocrx_word' id='word_1_131' title='bbox 1474 2676 1924 2763; x_wconf 83' lang='lat' dir='ltr'>persolverent</span> <span class='ocrx_word' id='word_1_132' title='bbox 1943 2672 1964 2711; x_wconf 88' lang='lat'>¹</span> <span class='ocrx_word' id='word_1_133' title='bbox 2011 2674 2380 2755; x_wconf 79' lang='lat' dir='ltr'>annuatim,</span> <span class='ocrx_word' id='word_1_134' title='bbox 2441 2680 2714 2762; x_wconf 86' lang='lat' dir='ltr'>propter</span> <span class='ocrx_word' id='word_1_135' title='bbox 2737 2645 2937 2697; x_wconf 80' lang='lat' dir='ltr'>tribute.</span> 
     </span>
     <span class='ocr_line' id='line_1_19' title="bbox 612 2776 2714 2869; baseline -0 -24"><span class='ocrx_word' id='word_1_136' title='bbox 612 2800 893 2867; x_wconf 81' lang='lat' dir='ltr'>regnum</span> <span class='ocrx_word' id='word_1_137' title='bbox 915 2778 1231 2845; x_wconf 84' lang='lat' dir='ltr'>videlicet</span> <span class='ocrx_word' id='word_1_138' title='bbox 1260 2778 1524 2869; x_wconf 84' lang='lat' dir='ltr'>Angliae</span> <span class='ocrx_word' id='word_1_139' title='bbox 1554 2778 1688 2849; x_wconf 87' lang='grc'>700</span> <span class='ocrx_word' id='word_1_140' title='bbox 1719 2800 1987 2855; x_wconf 86' lang='lat' dir='ltr'>marcas,</span> <span class='ocrx_word' id='word_1_141' title='bbox 2017 2782 2286 2866; x_wconf 87' lang='lat' dir='ltr'>propter</span> <span class='ocrx_word' id='word_1_142' title='bbox 2315 2776 2714 2844; x_wconf 80' lang='lat' dir='ltr'>Hiberniam</span> 
     </span>
    </p>

    <p class='ocr_par' dir='ltr' id='par_1_8' title="bbox 617 2880 2778 2966">
     <span class='ocr_line' id='line_1_20' title="bbox 617 2880 2778 2966; baseline -0.002 -18"><span class='ocrx_word' id='word_1_143' title='bbox 617 2885 747 2948; x_wconf 86' lang='lat'>300</span> <span class='ocrx_word' id='word_1_144' title='bbox 792 2905 1083 2966; x_wconf 82' lang='lat' dir='ltr'>marcas3</span> <span class='ocrx_word' id='word_1_145' title='bbox 1127 2882 1332 2949; x_wconf 85' lang='lat' dir='ltr'>salvis</span> <span class='ocrx_word' id='word_1_146' title='bbox 1390 2883 1519 2948; x_wconf 88' lang='lat' dir='ltr'>sibi</span> <span class='ocrx_word' id='word_1_147' title='bbox 1570 2889 1642 2949; x_wconf 90' lang='lat' dir='ltr'>et</span> <span class='ocrx_word' id='word_1_148' title='bbox 1698 2881 2053 2949; x_wconf 80' lang='lat' dir='ltr'>heredibus</span> <span class='ocrx_word' id='word_1_149' title='bbox 2097 2883 2234 2948; x_wconf 88' lang='lat' dir='ltr'>suis</span> <span class='ocrx_word' id='word_1_150' title='bbox 2291 2880 2714 2948; x_wconf 84' lang='lat' dir='ltr'>libertatibus</span> <span class='ocrx_word' id='word_1_151' title='bbox 2770 2935 2778 2943; x_wconf 92' lang='lat'><strong><em>.</em></strong></span> 
     </span>
    </p>

    <p class='ocr_par' dir='ltr' id='par_1_9' title="bbox 613 2983 2717 3074">
     <span class='ocr_line' id='line_1_21' title="bbox 613 2983 2717 3074; baseline 0 -22"><span class='ocrx_word' id='word_1_152' title='bbox 613 2991 683 3052; x_wconf 90' lang='lat' dir='ltr'>et</span> <span class='ocrx_word' id='word_1_153' title='bbox 725 2985 990 3074; x_wconf 78' lang='lat' dir='ltr'>regaliis</span> <span class='ocrx_word' id='word_1_154' title='bbox 1052 3007 1204 3073; x_wconf 85' lang='lat' dir='ltr'>quae</span> <span class='ocrx_word' id='word_1_155' title='bbox 1249 3007 1505 3053; x_wconf 85' lang='lat' dir='ltr'>coronae</span> <span class='ocrx_word' id='word_1_156' title='bbox 1564 2984 1764 3073; x_wconf 83' lang='lat' dir='ltr'>regiae</span> <span class='ocrx_word' id='word_1_157' title='bbox 1809 2985 2128 3052; x_wconf 88' lang='lat' dir='ltr'>deberent</span> <span class='ocrx_word' id='word_1_158' title='bbox 2169 2984 2512 3073; x_wconf 88' lang='lat' dir='ltr'>pertinere.</span> <span class='ocrx_word' id='word_1_159' title='bbox 2603 2983 2717 3052; x_wconf 88' lang='lat' dir='ltr'>Ita</span> 
     </span>
    </p>

    <p class='ocr_par' dir='ltr' id='par_1_10' title="bbox 614 3081 2715 3176">
     <span class='ocr_line' id='line_1_22' title="bbox 614 3081 2715 3176; baseline -0 -22"><span class='ocrx_word' id='word_1_160' title='bbox 614 3089 810 3175; x_wconf 90' lang='lat' dir='ltr'>quod,</span> <span class='ocrx_word' id='word_1_161' title='bbox 862 3087 919 3155; x_wconf 88' lang='lat' dir='ltr'>si</span> <span class='ocrx_word' id='word_1_162' title='bbox 962 3088 1105 3176; x_wconf 89' lang='lat' dir='ltr'>ipse</span> <span class='ocrx_word' id='word_1_163' title='bbox 1128 3081 1262 3156; x_wconf 54' lang='lat' dir='ltr'>&#39;vel</span> <span class='ocrx_word' id='word_1_164' title='bbox 1304 3089 1543 3176; x_wconf 82' lang='lat' dir='ltr'>aliquis</span> <span class='ocrx_word' id='word_1_165' title='bbox 1588 3088 1908 3154; x_wconf 87' lang='lat' dir='ltr'>heredum</span> <span class='ocrx_word' id='word_1_166' title='bbox 1951 3109 2222 3155; x_wconf 86' lang='lat' dir='ltr'>suorum</span> <span class='ocrx_word' id='word_1_167' title='bbox 2265 3087 2351 3154; x_wconf 91' lang='lat' dir='ltr'>ab</span> <span class='ocrx_word' id='word_1_168' title='bbox 2395 3087 2520 3154; x_wconf 86' lang='lat' dir='ltr'>hac</span> <span class='ocrx_word' id='word_1_169' title='bbox 2563 3109 2715 3154; x_wconf 91' lang='lat' dir='ltr'>con-</span> 
     </span>
    </p>

    <p class='ocr_par' dir='ltr' id='par_1_11' title="bbox 613 3191 2715 3279">
     <span class='ocr_line' id='line_1_23' title="bbox 613 3191 2715 3279; baseline 0 -22"><span class='ocrx_word' id='word_1_170' title='bbox 613 3192 863 3258; x_wconf 86' lang='lat' dir='ltr'>ditione</span> <span class='ocrx_word' id='word_1_171' title='bbox 925 3192 1035 3258; x_wconf 88' lang='lat' dir='ltr'>vel</span> <span class='ocrx_word' id='word_1_172' title='bbox 1097 3193 1425 3260; x_wconf 89' lang='lat' dir='ltr'>solutione</span> <span class='ocrx_word' id='word_1_173' title='bbox 1490 3191 1822 3273; x_wconf 85' lang='lat' dir='ltr'>deficeret,</span> <span class='ocrx_word' id='word_1_174' title='bbox 1881 3192 2144 3258; x_wconf 84' lang='lat' dir='ltr'>cederet</span> <span class='ocrx_word' id='word_1_175' title='bbox 2207 3213 2249 3256; x_wconf 86' lang='lat' dir='ltr'>a</span> <span class='ocrx_word' id='word_1_176' title='bbox 2300 3191 2452 3277; x_wconf 87' lang='lat' dir='ltr'>jure</span> <span class='ocrx_word' id='word_1_177' title='bbox 2511 3191 2715 3279; x_wconf 80' lang='lat' dir='ltr'>regni.</span> 
     </span>
    </p>

    <p class='ocr_par' dir='ltr' id='par_1_12' title="bbox 614 3294 3049 3590">
     <span class='ocr_line' id='line_1_24' title="bbox 616 3294 2978 3392; baseline 0.001 -31"><span class='ocrx_word' id='word_1_178' title='bbox 616 3295 763 3361; x_wconf 85' lang='lat' dir='ltr'>Rex</span> <span class='ocrx_word' id='word_1_179' title='bbox 806 3317 963 3384; x_wconf 86' lang='lat' dir='ltr'>ergo</span> <span class='ocrx_word' id='word_1_180' title='bbox 1007 3295 1056 3361; x_wconf 86' lang='lat' dir='ltr'><strong>J</strong></span> <span class='ocrx_word' id='word_1_181' title='bbox 1058 3295 1350 3362; x_wconf 89' lang='lat' dir='ltr'>ohannes</span> <span class='ocrx_word' id='word_1_182' title='bbox 1395 3295 1479 3362; x_wconf 90' lang='lat' dir='ltr'>de</span> <span class='ocrx_word' id='word_1_183' title='bbox 1540 3295 1757 3383; x_wconf 83' lang='lat' dir='ltr'>capite</span> <span class='ocrx_word' id='word_1_184' title='bbox 1809 3316 1927 3360; x_wconf 87' lang='lat' dir='ltr'>suo</span> <span class='ocrx_word' id='word_1_185' title='bbox 1987 3316 2292 3361; x_wconf 89' lang='lat' dir='ltr'>coronam</span> <span class='ocrx_word' id='word_1_186' title='bbox 2337 3294 2584 3360; x_wconf 86' lang='lat' dir='ltr'>evulsit</span> <span class='ocrx_word' id='word_1_187' title='bbox 2627 3299 2712 3372; x_wconf 90' lang='lat' dir='ltr'>et,</span> <span class='ocrx_word' id='word_1_188' title='bbox 2739 3310 2894 3390; x_wconf 52' lang='lat' dir='ltr'>For-m</span> <span class='ocrx_word' id='word_1_189' title='bbox 2915 3311 2978 3392; x_wconf 56' lang='lat' dir='ltr'>of:</span> 
     </span>
     <span class='ocr_line' id='line_1_25' title="bbox 614 3388 3049 3498; baseline 0 -34"><span class='ocrx_word' id='word_1_190' title='bbox 614 3421 833 3464; x_wconf 88' lang='lat' dir='ltr'>coram</span> <span class='ocrx_word' id='word_1_191' title='bbox 875 3399 1097 3486; x_wconf 88' lang='lat' dir='ltr'>legato</span> <span class='ocrx_word' id='word_1_192' title='bbox 1164 3399 1443 3486; x_wconf 83' lang='lat' dir='ltr'>genibus</span> <span class='ocrx_word' id='word_1_193' title='bbox 1510 3398 1922 3485; x_wconf 85' lang='lat' dir='ltr'>provolutus,</span> <span class='ocrx_word' id='word_1_194' title='bbox 1967 3398 2393 3464; x_wconf 87' lang='lat' dir='ltr'>audientibus</span> <span class='ocrx_word' id='word_1_195' title='bbox 2440 3399 2711 3478; x_wconf 89' lang='lat' dir='ltr'>cunctis,</span> <span class='ocrx_word' id='word_1_196' title='bbox 2739 3388 3049 3498; x_wconf 54' lang='lat' dir='ltr'>{oesffigauon</span> 
     </span>
     <span class='ocr_line' id='line_1_26' title="bbox 614 3501 2908 3590; baseline -0 -25"><span class='ocrx_word' id='word_1_197' title='bbox 614 3501 753 3568; x_wconf 80' lang='lat' dir='ltr'>haec</span> <span class='ocrx_word' id='word_1_198' title='bbox 819 3523 1077 3588; x_wconf 89' lang='lat' dir='ltr'>quoque</span> <span class='ocrx_word' id='word_1_199' title='bbox 1138 3502 1332 3582; x_wconf 77' lang='lat' dir='ltr'>dixit,</span> <span class='ocrx_word' id='word_1_200' title='bbox 1380 3508 1415 3537; x_wconf 78' lang='lat'>‘⁶</span> <span class='ocrx_word' id='word_1_201' title='bbox 1436 3502 1727 3590; x_wconf 81' lang='lat' dir='ltr'>Resigno</span> <span class='ocrx_word' id='word_1_202' title='bbox 1793 3501 1904 3567; x_wconf 88' lang='lat' dir='ltr'>hic</span> <span class='ocrx_word' id='word_1_203' title='bbox 1971 3522 2280 3568; x_wconf 86' lang='lat' dir='ltr'>coronam</span> <span class='ocrx_word' id='word_1_204' title='bbox 2324 3506 2394 3567; x_wconf 92' lang='lat' dir='ltr'>et</span> <span class='ocrx_word' id='word_1_205' title='bbox 2435 3523 2714 3590; x_wconf 85' lang='lat' dir='ltr'>regnum</span> <span class='ocrx_word' id='word_1_206' title='bbox 2737 3514 2908 3578; x_wconf 74' lang='lat' dir='ltr'>pope’a</span> 
     </span>
    </p>

    <p class='ocr_par' dir='ltr' id='par_1_13' title="bbox 616 3581 2916 3692">
     <span class='ocr_line' id='line_1_27' title="bbox 616 3581 2916 3692; baseline 0.001 -24"><span class='ocrx_word' id='word_1_207' title='bbox 616 3611 653 3637; x_wconf 91' lang='lat'><strong>“</strong></span> <span class='ocrx_word' id='word_1_208' title='bbox 695 3603 955 3690; x_wconf 80' lang='lat' dir='ltr'>Angliae</span> <span class='ocrx_word' id='word_1_209' title='bbox 997 3604 1071 3668; x_wconf 86' lang='lat' dir='ltr'>in</span> <span class='ocrx_word' id='word_1_210' title='bbox 1114 3625 1347 3671; x_wconf 85' lang='lat' dir='ltr'>manus</span> <span class='ocrx_word' id='word_1_211' title='bbox 1406 3605 1661 3672; x_wconf 82' lang='lat' dir='ltr'>domini</span> <span class='ocrx_word' id='word_1_212' title='bbox 1705 3627 1894 3692; x_wconf 82' lang='lat' dir='ltr'>papae</span> <span class='ocrx_word' id='word_1_213' title='bbox 1939 3603 2334 3686; x_wconf 87' lang='lat' dir='ltr'>Innocentii,</span> <span class='ocrx_word' id='word_1_214' title='bbox 2381 3609 2584 3692; x_wconf 88' lang='lat' dir='ltr'>atque</span> <span class='ocrx_word' id='word_1_215' title='bbox 2639 3605 2714 3670; x_wconf 89' lang='lat' dir='ltr'>in</span> <span class='ocrx_word' id='word_1_216' title='bbox 2737 3581 2916 3646; x_wconf 77' lang='lat' dir='ltr'>legate.</span> 
     </span>
    </p>

    <p class='ocr_par' dir='ltr' id='par_1_14' title="bbox 616 3705 2760 3898">
     <span class='ocr_line' id='line_1_28' title="bbox 616 3705 2760 3794; baseline -0.001 -24"><span class='ocrx_word' id='word_1_217' title='bbox 616 3713 653 3740; x_wconf 92' lang='lat'><strong>“</strong></span> <span class='ocrx_word' id='word_1_218' title='bbox 696 3727 885 3771; x_wconf 87' lang='lat' dir='ltr'>suam</span> <span class='ocrx_word' id='word_1_219' title='bbox 927 3706 1216 3794; x_wconf 85' lang='lat' dir='ltr'>gratiam</span> <span class='ocrx_word' id='word_1_220' title='bbox 1263 3711 1333 3772; x_wconf 91' lang='lat' dir='ltr'>et</span> <span class='ocrx_word' id='word_1_221' title='bbox 1378 3707 1862 3774; x_wconf 85' lang='lat' dir='ltr'>ordinationem</span> <span class='ocrx_word' id='word_1_222' title='bbox 1909 3729 2016 3773; x_wconf 90' lang='lat' dir='ltr'>me</span> <span class='ocrx_word' id='word_1_223' title='bbox 2061 3705 2442 3774; x_wconf 85' lang='lat' dir='ltr'>submitto.”</span> <span class='ocrx_word' id='word_1_224' title='bbox 2526 3707 2714 3774; x_wconf 84' lang='lat' dir='ltr'>Tunc</span> <span class='ocrx_word' id='word_1_225' title='bbox 2755 3763 2760 3768; x_wconf 89' lang='lat'><em>.</em></span> 
     </span>
     <span class='ocr_line' id='line_1_29' title="bbox 616 3809 2714 3898; baseline 0.001 -25"><span class='ocrx_word' id='word_1_226' title='bbox 616 3809 883 3895; x_wconf 89' lang='lat' dir='ltr'>quidem</span> <span class='ocrx_word' id='word_1_227' title='bbox 927 3810 1183 3895; x_wconf 87' lang='lat' dir='ltr'>legatus</span> <span class='ocrx_word' id='word_1_228' title='bbox 1226 3811 1473 3897; x_wconf 87' lang='lat' dir='ltr'>recepit</span> <span class='ocrx_word' id='word_1_229' title='bbox 1518 3831 1825 3875; x_wconf 89' lang='lat' dir='ltr'>coronam</span> <span class='ocrx_word' id='word_1_230' title='bbox 1871 3814 1939 3875; x_wconf 84' lang='lat' dir='ltr'>et</span> <span class='ocrx_word' id='word_1_231' title='bbox 1984 3832 2127 3876; x_wconf 88' lang='lat' dir='ltr'>eam</span> <span class='ocrx_word' id='word_1_232' title='bbox 2170 3832 2370 3898; x_wconf 86' lang='lat' dir='ltr'>penes</span> <span class='ocrx_word' id='word_1_233' title='bbox 2399 3833 2469 3876; x_wconf 89' lang='lat' dir='ltr'>se</span> <span class='ocrx_word' id='word_1_234' title='bbox 2499 3809 2714 3876; x_wconf 90' lang='lat' dir='ltr'>tribus</span> 
     </span>
    </p>

    <p class='ocr_par' dir='ltr' id='par_1_15' title="bbox 612 3910 3050 4513">
     <span class='ocr_line' id='line_1_30' title="bbox 616 3910 2716 4000; baseline 0.001 -24"><span class='ocrx_word' id='word_1_235' title='bbox 616 3910 848 3977; x_wconf 89' lang='lat' dir='ltr'>diebus</span> <span class='ocrx_word' id='word_1_236' title='bbox 890 3912 1222 3977; x_wconf 87' lang='lat' dir='ltr'>continuis</span> <span class='ocrx_word' id='word_1_237' title='bbox 1280 3911 1629 3992; x_wconf 87' lang='lat' dir='ltr'>retinebat,</span> <span class='ocrx_word' id='word_1_238' title='bbox 1676 3911 1866 3998; x_wconf 88' lang='lat' dir='ltr'>quasi</span> <span class='ocrx_word' id='word_1_239' title='bbox 1924 3934 2043 4000; x_wconf 84' lang='lat' dir='ltr'>pro</span> <span class='ocrx_word' id='word_1_240' title='bbox 2087 3913 2276 4000; x_wconf 86' lang='lat' dir='ltr'>regni</span> <span class='ocrx_word' id='word_1_241' title='bbox 2319 3912 2586 4000; x_wconf 81' lang='lat' dir='ltr'>Angliae</span> <span class='ocrx_word' id='word_1_242' title='bbox 2645 3919 2716 3978; x_wconf 89' lang='lat' dir='ltr'>et</span> 
     </span>
     <span class='ocr_line' id='line_1_31' title="bbox 616 4013 3050 4112; baseline 0.002 -34"><span class='ocrx_word' id='word_1_243' title='bbox 616 4013 966 4081; x_wconf 84' lang='lat' dir='ltr'>Hiberniae</span> <span class='ocrx_word' id='word_1_244' title='bbox 1031 4015 1272 4081; x_wconf 86' lang='lat' dir='ltr'>seisina</span> <span class='ocrx_word' id='word_1_245' title='bbox 1334 4015 1701 4082; x_wconf 83' lang='lat' dir='ltr'>retinenda.</span> <span class='ocrx_word' id='word_1_246' title='bbox 1797 4015 2011 4098; x_wconf 78' lang='lat' dir='ltr'>Quam</span> <span class='ocrx_word' id='word_1_247' title='bbox 2057 4019 2218 4080; x_wconf 89' lang='lat' dir='ltr'>tunc</span> <span class='ocrx_word' id='word_1_248' title='bbox 2262 4015 2712 4102; x_wconf 73' lang='lat' dir='ltr'>praescriptam</span> <span class='ocrx_word' id='word_1_249' title='bbox 2737 4030 2882 4110; x_wconf 64' lang='lat' dir='ltr'>need</span> <span class='ocrx_word' id='word_1_250' title='bbox 2897 4032 3050 4112; x_wconf 59' lang='lat' dir='ltr'>ofre-</span> 
     </span>
     <span class='ocr_line' id='line_1_32' title="bbox 616 4105 3028 4218; baseline -0 -35"><span class='ocrx_word' id='word_1_251' title='bbox 616 4117 1019 4185; x_wconf 88' lang='lat' dir='ltr'>oblationem</span> <span class='ocrx_word' id='word_1_252' title='bbox 1080 4123 1150 4184; x_wconf 91' lang='lat' dir='ltr'>et</span> <span class='ocrx_word' id='word_1_253' title='bbox 1212 4140 1401 4184; x_wconf 87' lang='lat' dir='ltr'>suam</span> <span class='ocrx_word' id='word_1_254' title='bbox 1466 4116 1840 4206; x_wconf 85' lang='lat' dir='ltr'>pactionem</span> <span class='ocrx_word' id='word_1_255' title='bbox 1903 4141 2024 4184; x_wconf 81' lang='lat' dir='ltr'>rex</span> <span class='ocrx_word' id='word_1_256' title='bbox 2067 4117 2297 4184; x_wconf 86' lang='lat' dir='ltr'>charta</span> <span class='ocrx_word' id='word_1_257' title='bbox 2340 4140 2480 4197; x_wconf 91' lang='lat' dir='ltr'>sua,</span> <span class='ocrx_word' id='word_1_258' title='bbox 2526 4116 2712 4182; x_wconf 88' lang='lat' dir='ltr'>bulla</span> <span class='ocrx_word' id='word_1_259' title='bbox 2736 4105 3028 4218; x_wconf 52' lang='lat' dir='ltr'>:vffugfd-</span> 
     </span>
     <span class='ocr_line' id='line_1_33' title="bbox 612 4183 2942 4308; baseline -0.001 -20"><span class='ocrx_word' id='word_1_260' title='bbox 612 4244 828 4304; x_wconf 83' lang='lat' dir='ltr'>aurea,</span> <span class='ocrx_word' id='word_1_261' title='bbox 902 4227 983 4288; x_wconf 90' lang='lat' dir='ltr'>ut</span> <span class='ocrx_word' id='word_1_262' title='bbox 1057 4221 1321 4302; x_wconf 85' lang='lat' dir='ltr'>dicitur,</span> <span class='ocrx_word' id='word_1_263' title='bbox 1384 4219 1697 4307; x_wconf 85' lang='lat' dir='ltr'>sigillata,</span> <span class='ocrx_word' id='word_1_264' title='bbox 1744 4219 2126 4302; x_wconf 88' lang='lat' dir='ltr'>roboravit;</span> <span class='ocrx_word' id='word_1_265' title='bbox 2186 4241 2336 4308; x_wconf 86' lang='lat' dir='ltr'>quae</span> <span class='ocrx_word' id='word_1_266' title='bbox 2397 4220 2710 4308; x_wconf 85' lang='lat' dir='ltr'>praedicto</span> <span class='ocrx_word' id='word_1_267' title='bbox 2736 4248 2800 4283; x_wconf 86' lang='lat' dir='ltr'>en</span> <span class='ocrx_word' id='word_1_268' title='bbox 2823 4183 2942 4286; x_wconf 57' lang='lat' dir='ltr'>sefl.</span> 
     </span>
     <span class='ocr_line' id='line_1_34' title="bbox 617 4321 2712 4412; baseline 0 -22"><span class='ocrx_word' id='word_1_269' title='bbox 617 4322 833 4410; x_wconf 87' lang='lat' dir='ltr'>legato</span> <span class='ocrx_word' id='word_1_270' title='bbox 878 4325 1133 4390; x_wconf 83' lang='lat' dir='ltr'>tradita</span> <span class='ocrx_word' id='word_1_271' title='bbox 1176 4323 1445 4391; x_wconf 89' lang='lat' dir='ltr'>domino</span> <span class='ocrx_word' id='word_1_272' title='bbox 1490 4345 1681 4412; x_wconf 81' lang='lat' dir='ltr'>papae</span> <span class='ocrx_word' id='word_1_273' title='bbox 1747 4329 1852 4392; x_wconf 91' lang='lat' dir='ltr'>est</span> <span class='ocrx_word' id='word_1_274' title='bbox 1909 4322 2314 4390; x_wconf 85' lang='lat' dir='ltr'>transmissa.</span> <span class='ocrx_word' id='word_1_275' title='bbox 2409 4321 2566 4388; x_wconf 90' lang='lat' dir='ltr'>Hiis</span> <span class='ocrx_word' id='word_1_276' title='bbox 2610 4323 2712 4390; x_wconf 88' lang='lat' dir='ltr'>ita</span> 
     </span>
     <span class='ocr_line' id='line_1_35' title="bbox 618 4426 2974 4513; baseline -0.002 -21"><span class='ocrx_word' id='word_1_277' title='bbox 618 4427 917 4512; x_wconf 80' lang='lat' dir='ltr'>peractiS,</span> <span class='ocrx_word' id='word_1_278' title='bbox 963 4449 1083 4492; x_wconf 79' lang='lat' dir='ltr'>rex</span> <span class='ocrx_word' id='word_1_279' title='bbox 1128 4426 1175 4491; x_wconf 86' lang='lat' dir='ltr'>J</span> <span class='ocrx_word' id='word_1_280' title='bbox 1178 4427 1469 4493; x_wconf 91' lang='lat' dir='ltr'>ohannes</span> <span class='ocrx_word' id='word_1_281' title='bbox 1522 4427 1605 4492; x_wconf 89' lang='lat' dir='ltr'>dc</span> <span class='ocrx_word' id='word_1_282' title='bbox 1666 4449 1870 4494; x_wconf 88' lang='lat' dir='ltr'>manu</span> <span class='ocrx_word' id='word_1_283' title='bbox 1930 4427 2140 4513; x_wconf 86' lang='lat' dir='ltr'>legati</span> <span class='ocrx_word' id='word_1_284' title='bbox 2185 4448 2490 4493; x_wconf 89' lang='lat' dir='ltr'>coronam</span> <span class='ocrx_word' id='word_1_285' title='bbox 2534 4449 2712 4493; x_wconf 87' lang='lat' dir='ltr'>reac-</span> <span class='ocrx_word' id='word_1_286' title='bbox 2736 4437 2890 4489; x_wconf 77' lang='lat' dir='ltr'>Reeal</span> <span class='ocrx_word' id='word_1_287' title='bbox 2913 4437 2974 4488; x_wconf 81' lang='lat' dir='ltr'>of</span> 
     </span>
    </p>
   </div>
   <div class='ocr_carea' id='block_1_3' title="bbox 618 4507 2990 4619">
    <p class='ocr_par' dir='ltr' id='par_1_16' title="bbox 618 4507 2990 4619">
     <span class='ocr_line' id='line_1_36' title="bbox 618 4507 2990 4619; baseline -0.002 -25"><span class='ocrx_word' id='word_1_288' title='bbox 618 4529 809 4617; x_wconf 89' lang='lat' dir='ltr'>cepit,</span> <span class='ocrx_word' id='word_1_289' title='bbox 900 4535 969 4596; x_wconf 90' lang='lat' dir='ltr'>et</span> <span class='ocrx_word' id='word_1_290' title='bbox 1044 4530 1457 4618; x_wconf 84' lang='lat' dir='ltr'>Stephanum</span> <span class='ocrx_word' id='word_1_291' title='bbox 1531 4529 2088 4619; x_wconf 83' lang='lat' dir='ltr'>archiepiscopum</span> <span class='ocrx_word' id='word_1_292' title='bbox 2165 4529 2710 4598; x_wconf 72' lang='lat' dir='ltr'>cantuariensem</span> <span class='ocrx_word' id='word_1_293' title='bbox 2736 4507 2990 4572; x_wconf 50' lang='lat' dir='ltr'>Langton,</span> 
     </span>
    </p>
   </div>
   <div class='ocr_carea' id='block_1_4' title="bbox 1190 4793 2138 4864">
    <p class='ocr_par' dir='ltr' id='par_1_17' title="bbox 1190 4793 2138 4864">
     <span class='ocr_line' id='line_1_37' title="bbox 1190 4793 2138 4864; baseline -0.001 -16"><span class='ocrx_word' id='word_1_294' title='bbox 1190 4797 1203 4828; x_wconf 61' lang='grc' dir='ltr'>Ι</span> <span class='ocrx_word' id='word_1_295' title='bbox 1233 4793 1587 4864; x_wconf 73' lang='lat' dir='ltr'>persolverent]</span> <span class='ocrx_word' id='word_1_296' title='bbox 1624 4795 1928 4862; x_wconf 71' lang='lat' dir='ltr'>persolveret</span> <span class='ocrx_word' id='word_1_297' title='bbox 1947 4794 2004 4846; x_wconf 72' lang='lat' dir='ltr'>in</span> <span class='ocrx_word' id='word_1_298' title='bbox 2025 4795 2138 4850; x_wconf 75' lang='lat' dir='ltr'>MS.</span> 
     </span>
    </p>
   </div>
  </div>
 </body>
</html>
