3519 5734
853 895 985 956 354
1494 907 1688 955 mmo
1737 905 1953 954 ABBAS
1998 905 2318 966 QUINTUS.

521 1093 814 1145 A.D.1210
855 1081 1082 1160 nostri,
1149 1079 1304 1166 quia
1371 1101 1558 1166 paene
1625 1079 1814 1145 nulla
1880 1081 2115 1145 domus
2181 1078 2432 1145 ordinis
2498 1079 2711 1144 nostri
2772 1079 2953 1142 intra

519 1167 700 1212 ‘¹²²⁰‘
853 1206 1132 1270 regnum
1195 1182 1463 1270 Angliae
1537 1182 1668 1248 sibi
1731 1181 2152 1261 sufficiebat3
2224 1182 2341 1248 sed
2412 1181 2617 1246 abbas
2686 1179 2953 1248 Sanctae

855 1286 1088 1352 Mariae
1132 1285 1581 1362 Ebora-consite,
1629 1284 1963 1351 Robertus
2021 1283 2362 1364 secundae,
2416 1283 2813 1369 quibusdam
2872 1282 2953 1348 de

852 1390 1101 1455 nostris
1153 1389 1328 1455 sicut
1395 1393 1464 1454 et
1525 1388 1610 1452 de
1677 1387 1829 1452 aliis
1890 1386 2198 1452 domibus
2264 1384 2558 1464 ordinis,1
2606 1391 2677 1452 et
2722 1385 2952 1452 Helias

854 1491 1036 1578 prior
1080 1493 1164 1557 de
1208 1491 1725 1578 Brydlyngtona
1770 1490 2081 1556 similiter
2124 1488 2521 1576 quibusdam
2564 1489 2649 1555 de
2707 1489 2953 1554 nostris

855 1594 1344 1660 succurrebant.
1419 1591 1653 1678 Aliqui
1681 1613 1843 1658 vero
1885 1591 1961 1656 in
2002 1613 2280 1680 regnum
2320 1589 2566 1657 Scooiae
2609 1591 2696 1658 ad
2726 1591 2953 1656 domos

856 1697 1110 1762 ordinis
1140 1695 1352 1761 nostri
1381 1694 1839 1760 mittebantur.
1934 1694 2025 1758 Et
2067 1693 2357 1780 quidam,
2388 1692 2568 1779 quod
2610 1715 2948 1780 nunquam

855 1803 1058 1864 antea
1118 1798 1370 1863 factum
1435 1796 1654 1862 fuerat
1721 1797 1797 1861 in
1863 1795 2096 1861 ordine
2160 1801 2407 1871 nostro,
2452 1817 2572 1882 per
2634 1797 2815 1860 vioos
2882 1803 2951 1862 et

855 1901 1143 1978 castella,
1191 1900 1566 1986 ubicunque
1609 1899 1739 1966 sibi
1798 1887 2200 1964 commodius
2245 1897 2527 1984 reperire
2572 1901 2947 1984 potuerunt,

853 2003 1160 2068 monaehi
1206 2007 1277 2068 et
1313 2001 1612 2067 conversi
1657 1991 1889 2082 nostri,
1923 2001 2077 2068 deni
2120 2000 2229 2065 vel
2272 2000 2609 2086 quindeni,
2638 2000 2748 2066 vel
2777 2009 2950 2068 certe

852 2105 996 2170 bini
1065 2107 1185 2170 aut
1251 2103 1445 2182 terni,
1493 2107 1967 2169 remanserunt.
2060 2101 2195 2181 Qui
2260 2107 2484 2168 tamen
2524 2101 2660 2168 fere
2726 2125 2951 2169 omnes

853 2213 1012 2274 ante
1079 2207 1320 2273 festum
1391 2207 1709 2272 Omnium
1780 2205 2177 2272 Sanctorum
2238 2204 2621 2292 proximum
2680 2205 2951 2272 fuerunt

519 2329 710 2382 Grants
731 2332 794 2382 of
851 2311 1162 2377 revocati.
1275 2309 1384 2386 Et,
1453 2308 1674 2374 medio
1735 2313 2053 2394 tempore,
2120 2307 2357 2374 Petrus
2430 2307 2607 2373 filius
2683 2307 2953 2374 Ricardi

519 2398 652 2448 ¹⁸⁸⁶·
853 2414 1025 2500 Pety
1068 2411 1152 2479 de
1195 2411 1504 2498 Waghna
1549 2410 1738 2477 dedit
1783 2409 1976 2476 nobis
2021 2431 2233 2475 unum
2294 2409 2561 2488 toftum,
2606 2433 2727 2476 sex
2770 2433 2952 2476 aeras

517 2477 771 2544 Waghna.
851 2521 1050 2582 terrae
1113 2519 1184 2582 et
1248 2536 1455 2580 unam
1507 2535 1722 2578 amam
1768 2513 1966 2600 prati,
2012 2514 2089 2578 in
2132 2512 2486 2601 Waghna3
2548 2535 2709 2600 quae.
2760 2519 2953 2602 pater

851 2641 1010 2684 suus
1079 2618 1334 2684 dudum
1398 2615 1482 2683 de
1544 2615 1740 2681 nobis
1808 2620 2145 2702 acceperat
2218 2617 2292 2680 in
2365 2617 2765 2683 escambium
2832 2639 2951 2704 pro

517 2736 801 2804 Monkdyk.
851 2723 1050 2788 certis
1125 2722 1320 2786 terris
1393 2719 1466 2784 in
1543 2717 1993 2806 Kayngham.²
2082 2716 2109 2754 ⁸
2135 2718 2292 2805 Ipso
2352 2724 2582 2785 autem
2655 2724 2947 2808 tempone

511 2815 727 2883 Liberty
850 2822 1158 2890 dominus
1233 2819 1571 2888 Walterus
1657 2821 1740 2887 de
1814 2819 2279 2908 Falconberge,
2352 2820 2780 2889 Baldewinus
2867 2823 2951 2889 de

515 2887 729 3001 ffitfid
747 2893 802 2936 ω
849 2927 1198 3003 Rowtona,
1243 2922 1569 2991 Rioherue
1627 2924 1712 2989 de
1755 2923 2080 3005 Arnallia,
2125 2922 2472 2990 Amandus
2516 2924 2835 2991 Pinoerna
2878 2932 2949 2991 et

515 3018 665 3082 dyke.
849 3029 968 3095 alii
1009 3028 1211 3093 libere
1255 3030 1561 3094 tenentes
1607 3026 1691 3095 de
1735 3026 2059 3107 Amallia,
2106 3025 2475 3093 Rowetona
2524 3033 2593 3093 et
2636 3027 2951 3115 Benyng-

847 3130 1087 3210 holm0,
1133 3134 1378 3217 praeter
1435 3126 1758 3195 moniales
1816 3128 1901 3193 de
1944 3128 2211 3214 Swym,
2258 3134 2714 3195 conoessenmt
2756 3131 2949 3196 nobis

847 3233 1188 3300 licentiam
1231 3238 1311 3299 ut
1354 3232 1713 3299 faceremus
1757 3252 1969 3297 unum
2015 3230 2352 3311 fossatum,
2388 3232 2477 3297 ad
2516 3232 2947 3299 latitudinem

843 3358 960 3403 xx,
1007 3336 1270 3423 pedum,
1315 3356 1432 3421 per
1492 3334 1787 3400 medium
1841 3338 2171 3399 terrarum
2214 3355 2500 3413 suarum,
2546 3334 2667 3399 ubi
2710 3336 2945 3403 melius

846 3439 1237 3505 videbamus
1268 3437 1592 3524 expedire,
1621 3436 1801 3502 inter
1828 3435 2203 3501 Arna-Iliam
2246 3440 2317 3501 et
2346 3436 2943 3525 Benyngholmum‚

845 3561 964 3626 per
1023 3560 1226 3626 quam
1289 3562 1533 3627 aquam
1597 3560 1748 3625 quae
1818 3538 2157 3608 descendit
2219 3537 2300 3605 de
2346 3538 2739 3607 Lambwath
2802 3542 2945 3607 sine

844 3642 1320 3729 impedimento
1365 3664 1573 3729 usque
1617 3642 1705 3707 ad
1744 3640 2023 3707 Melsam
2068 3640 2613 3728 perduceremu83
2658 3648 2727 3710 et
2771 3645 2945 3711 idem

843 3743 1162 3811 fossatum
1225 3766 1346 3833 pro
1413 3744 1614 3811 libitu
1678 3749 1907 3811 nostro
1968 3742 2517 3827 mundaremuS‚⁴'
2551 3751 2623 3812 et
2684 3768 2944 3813 omnem

843 3850 1092 3913 terram
1115 3844 1142 3881 ⁵
1187 3847 1331 3932 ejus
1376 3867 1767 3933 poneremus
1811 3867 1896 3911 ex
1939 3850 2224 3933 utraque
2268 3852 2475 3934 parte,
2518 3854 2588 3914 et
2631 3850 2771 3935 ejus
2814 3851 2944 3937 pis-

845 3950 1177 4016 cationem
1219 3948 1500 4014 liberam
1559 3951 1631 4013 et
1677 3948 1972 4034 quietam
2016 3949 2445 4031 haberemu83
2510 3956 2598 4029 et,
2641 3952 2701 4016 si
2740 3974 2945 4019 naves

841 4051 914 4116 in
959 4073 1036 4117 ea
1079 4051 1482 4129 haberemu8‚
1534 4072 1620 4115 ex
1663 4054 1947 4137 utraque
1990 4057 2184 4145 parte
2228 4052 2368 4139 ejus
2413 4052 2712 4119 incedere
2727 4052 2754 4092 ⁶
2794 4076 2943 4141 pos-

907 4288 920 4318 ¹
957 4288 1172 4354 ordinis]
1209 4288 1442 4353 wanting
1461 4288 1518 4339 in
1540 4288 1602 4339 P.
1936 4289 2126 4350 erased,
2153 4288 2213 4340 P.
2282 4290 2396 4341 The
2426 4304 2638 4355 passage
2668 4304 2847 4341 oecure
2878 4290 2938 4341 in

841 4366 1280 4509 Saltfgssnlqm]
1316 4368 1366 4418 le
1396 4366 1687 4432 Pethyland
1711 4368 1847 4431 apud
1932 4368 2153 4512 Lhe3t⁵e51t
2172 4382 2292 4419 near
2312 4370 2399 4421 the
2417 4370 2517 4420 end
2533 4370 2595 4419 of
2606 4370 2695 4421 the
2712 4369 2939 4436 chapter,

907 4527 928 4555 ⁸
961 4522 1142 4574 Before
1177 4522 1299 4588 Ipso
1360 4524 1537 4587 insert,
1576 4524 1847 4577 Amandus
2000 4529 2018 4558 ⁴
2051 4527 2205 4580 Ai’oer
2258 4527 2603 4581 mundaremus
2662 4528 2821 4581 insert
2886 4536 2940 4581 et

842 4618 1040 4670 quoque
1079 4602 1333 4654 Pineerna
1367 4604 1509 4654 dedit
1531 4604 1700 4665 nobis,
1725 4620 1842 4655 cum
1933 4610 2330 4670 emendas-enne,
2346 4610 2406 4659 P.

841 4698 1048 4749 corpore
1071 4698 1178 4745 suo,
1215 4698 1370 4733 unam
1408 4685 1646 4735 bovatam
1685 4694 1735 4736 et
1782 4691 1843 4736 10
1998 4690 2019 4718 ⁵
2050 4695 2099 4739 et
2130 4724 2143 4737 .
2181 4726 2193 4738 .
2236 4726 2249 4739 .
2286 4689 2491 4755 terram]
2528 4675 2829 4754 terrmnque,
2875 4688 2936 4739 P.

839 4778 982 4813 aeras
997 4770 1161 4823 terrae,
1173 4769 1335 4813 totum
1349 4763 1841 4829 Tymyngholmum,
1933 4765 2043 4817 The
2065 4784 2157 4831 que
2178 4770 2353 4818 erased
2372 4768 2428 4817 in
2450 4770 2512 4819 E.

839 4850 891 4893 et
921 4842 1021 4893 tria
1052 4843 1179 4895 tofta
1209 4842 1266 4893 in
1289 4842 1386 4894 Est
1406 4842 1800 4910 Benyngholmo
1825 4865 1839 4906 3
1997 4849 2018 4877 ⁶
2052 4846 2295 4913 incedere]
2334 4848 2558 4899 incidere
2579 4848 2635 4899 in
2656 4848 2719 4900 E.
