3519 5734
819 863 950 930 334
1335 875 1758 930 numm
1798 873 2015 928 ABRAS
2058 876 2391 940 QUARTUS.

481 1063 618 1114 ΑΛ).
647 1069 774 1119 1197
813 1053 1068 1120 firmari
1111 1054 1240 1122 sibi
1283 1055 1548 1142 suisque
1591 1056 2069 1123 successoribus
2112 1056 2495 1144 postulavit.
2612 1065 2753 1124 Gui¹
2778 1083 2915 1124 cnm
2936 1058 3163 1126 mgna.

479 1135 662 1184 '¹²¹⁰
815 1157 1355 1230 aliquantulum..
1400 1201 1414 1216 .
1457 1177 1522 1216 se
1559 1159 1860 1216 difficilem
1896 1160 2213 1226 exhiberet,
2252 1165 2423 1216 nocte
2464 1159 2717 1233 quadam
2756 1161 2917 1218 idem
2938 1127 3035 1180 ⁰⁰l‘
3056 1132 3207 1179 ²⁴²¹

811 1243 1076 1318 pontifex
1153 1251 1482 1300 summus²
1547 1244 1790 1302 videbat
1854 1244 1917 1300 in
1981 1245 2201 1302 somnis
2272 1245 2429 1318 quod
2503 1246 2915 1304 Latera-nensis

813 1329 1065 1386 ecclesia
1109 1346 1356 1400 gravem
1408 1329 1642 1385 ruinam
1701 1330 1896 1386 subito
1948 1331 2293 1386 minaretur.
2392 1329 2561 1400 Quod
2607 1331 2749 1388 dum
2800 1337 2917 1387 tre-

813 1431 978 1470 mens
1025 1413 1332 1486 aspiceret,
1385 1431 1460 1469 ex
1515 1414 1765 1471 adverso
1822 1413 1917 1470 vir
1976 1411 2091 1470 Dei
2153 1413 2499 1472 Dominicus
2547 1415 2913 1484 accurrebat,

813 1498 1190 1570 humerisque
1240 1499 1366 1554 suis
1409 1497 1620 1570 positis
1641 1501 1662 1531 ⁸
1713 1504 1900 1556 totam
1948 1497 2113 1555 illam
2159 1515 2431 1556 casuram
2466 1499 2750 1556 fabricam
2790 1517 2916 1558 sus-

811 1583 1092 1640 tentabat.
1163 1581 1474 1654 Evigilans
1514 1589 1715 1639 autem
1753 1589 1817 1640 et
1854 1583 2145 1640 visionem
2190 1585 2533 1656 intelligens
2570 1586 2917 1658 petitionem

813 1669 930 1725 viri
995 1667 1110 1724 Dei
1172 1667 1444 1723 hilariter
1501 1669 1847 1740 acceptavit,
1910 1667 2153 1726 hortans
2212 1675 2283 1726 ut
2328 1669 2405 1726 ad
2464 1671 2677 1728 &atres
2736 1689 2877 1728 suos
2891 1672 2914 1704 ⁴

811 1753 1074 1820 rediens
1127 1759 1402 1832 regulam
1449 1761 1708 1834 aliquam
1754 1761 2137 1834 approbatam
2185 1761 2301 1818 sibi
2354 1762 2667 1836 eligerent,
2718 1771 2781 1822 et
2819 1756 2914 1825 sic

809 1855 888 1912 ad
922 1856 1122 1926 ipsum
1156 1851 1394 1908 rediens
1435 1853 1939 1910 confirmationem
1973 1853 2051 1910 ad
2088 1854 2328 1912 libitum
2361 1863 2710 1928 reportaret..
2800 1857 2913 1915 Re-

811 1957 1054 2012 gressus
1103 1935 1290 2009 igitur
1347 1937 1596 1994 verbum
1645 1939 1863 1994 summi
1908 1937 2202 2010 pontificis
2264 1940 2550 1998 fratribus
2610 1939 2908 2014 patefecit,

810 2046 974 2112 quos
1039 2043 1250 2108 usque
1315 2022 1401 2087 ad
1454 2045 1807 2090 numerum
1875 2027 1957 2090 16
2024 2027 2465 2112 congregavit.
2576 2035 2710 2106 Qui,
2752 2035 2912 2094 invo-

809 2134 938 2187 cato
989 2127 1218 2200 Spiritu
1265 2122 1499 2192 Sancto,
1551 2129 1823 2200 regulam
1868 2125 2027 2184 beati
2074 2126 2401 2200 Augustini
2441 2169 2456 2183 .
2501 2170 2516 2183 .
2566 2170 2580 2184 .
2618 2125 2911 2185 Praedioae

807 2229 965 2281 tores
1001 2215 1212 2282 futuri
1257 2221 1611 2283 unanimiter
1659 2221 2003 2294 elegerunt3
2064 2219 2348 2292 quasdam
2384 2219 2685 2278 'arctiores
2707 2226 2728 2255 ⁵
2772 2223 2911 2279 vitae

807 2317 1275 2386 consuetudines,
1305 2335 1450 2391 quas
1487 2315 1602 2372 sibi
1637 2331 1746 2387 per
1782 2315 1999 2369 formas
2036 2315 2523 2372 constitutionum
2540 2315 2562 2348 ⁸
2598 2314 2911 2372 observan-

807 2411 911 2468 das
949 2417 1301 2478 statuerunt,
1341 2412 1583 2483 insuper
1625 2413 2012 2464 assumentes.
2106 2397 2360 2465 Verum
2402 2401 2661 2466 interea
2706 2401 2909 2468 Inno-

805 2505 1024 2571 centio
1069 2527 1243 2593 papa
1287 2503 1599 2570 defuncto
1646 2505 1714 2567 et
1763 2501 2063 2567 Honorio
2112 2505 2153 2568 3
2200 2503 2273 2567 in
2320 2525 2653 2569 summum
2694 2505 2913 2591 ponti-

803 2607 994 2676 ficem
1035 2607 1409 2688 sublimato,
1437 2611 1520 2673 ut
1561 2609 1795 2692 postea
1837 2604 2176 2684 referetur,
2204 2627 2381 2671 anno
2413 2605 2687 2674 Domini
2719 2609 2910 2686 1216,

806 2712 1372 2778 confirmationem
1439 2708 1691 2776 ordinis
1753 2729 1796 2772 a
1861 2707 2179 2794 praedicto
2226 2709 2529 2776 Honorio
2574 2732 2748 2798 papa
2790 2711 2914 2776 im-

805 2816 1114 2903 petravit.
1205 2817 1270 2881 A
1315 2813 1530 2881 Roma
1572 2833 1726 2899 ergo
1774 2809 2127 2878 Tholosam
2172 2812 2431 2880 rediens
2476 2811 2713 2881 fratres
2758 2835 2911 2881 suos

805 2919 999 2985 binos
1043 2923 1113 2985 et
1158 2917 1349 2984 binos
1396 2915 1725 3003 dispersit,
1774 2919 1843 2981 et
1906 2916 2228 3002 quosdam
2298 2917 2565 3001 quidem
2632 2918 2705 2983 in
2750 2914 2912 2983 His-

805 3021 1076 3111 paniam
1104 3021 1426 3108 quosdam
1453 3040 1610 3085 vero
1629 3018 1921 3083 Parisius
1950 3023 2021 3085 et
2050 3018 2213 3085 alios
2242 3020 2517 3085 tandem
2541 3018 2909 3087 Bononiam

805 3125 1187 3191 destinavit.
1263 3124 1355 3190 Et
1383 3124 1524 3209 ipse
1567 3122 1841 3187 tandem
1870 3121 2049 3209 apud
2080 3120 2451 3188 Bononiam
2481 3124 2904 3205 constitutus,

803 3228 1301 3294 dissolutionem
1345 3227 1448 3292 sui
1493 3224 1782 3313 corporis
1826 3246 2097 3290 cernens
2140 3224 2503 3303 imminere,
2532 3228 2907 3293 convocatis

659 3314 694 3352 ⁸
801 3330 1120 3397 ‘si-utribus
1179 3333 1659 3397 testamentum
1721 3326 2041 3407 condidit,
2106 3326 2377 3408 dicens;
2444 3336 2484 3365 “
2514 3328 2682 3396 Haec
2748 3336 2907 3397 sunt

805 3440 842 3471 “
885 3456 1033 3522 quae
1078 3434 1269 3500 vobis
1313 3439 1634 3519 tanquam
1677 3431 1835 3497 filiis
1870 3428 2025 3515 jure
2069 3429 2467 3497 hereditario
2511 3432 2904 3519 possidenda

804 3548 839 3575 “
879 3538 1235 3625 relinquo:
1325 3537 1667 3603 caritatem
1731 3533 2019 3615 habet03
2087 3534 2533 3601 humilitatem
2606 3542 2905 3619 servate;

801 3647 841 3679 “
884 3646 954 3709 et
1015 3645 1474 3729 paupertatem
1533 3638 1980 3705 voluntariam
2026 3636 2415 3724 possidete.'’
2503 3637 2683 3705 Illud
2744 3662 2903 3707 vero

801 3766 932 3833 qua
975 3744 1199 3831 potuit
1257 3742 1674 3809 districtione
1740 3738 2103 3829 prohibuit,
2164 3762 2247 3805 ne
2291 3741 2439 3828 quis
2482 3762 2781 3828 unquam
2826 3743 2903 3809 in

798 3870 918 3916 suo
961 3847 1190 3915 ordine
1233 3846 1670 3934 possessiones
1714 3844 2056 3910 induceret
2101 3845 2539 3931 temporales3
2593 3846 2901 3915 maledic-

798 3952 1050 4019 tionem
1080 3950 1208 4016 Dei
1254 3947 1730 4036 omnipotentis
1770 3952 1842 4013 et
1868 3968 2058 4013 suam
2100 3946 2491 4015 terribiliter
2534 3950 2901 4036 imprecans

799 4056 862 4121 ei
907 4056 1024 4142 qui
1083 4053 1602 4120 Praedicatorum
1667 4050 1967 4116 ordinem
2033 4055 2445 4119 terrenarum
2502 4052 2897 4119 divitiarum

797 4158 1068 4249 pulvere
1112 4158 1540 4244 praesumeret
1585 4152 1933 4219 maculare.

868 4428 882 4458 ¹
919 4424 1043 4491 σαί]
1083 4423 1200 4486 Qui,
1227 4422 1286 4474 R.
1303 4420 1371 4472 H.
1890 4470 1896 4477 .
1961 4425 1981 4453 ⁵
2012 4424 2269 4490 arctiores]
2298 4425 2541 4487 amtioris,
2563 4426 2628 4476 R.
2645 4426 2713 4477 Η.

866 4510 888 4539 ²
910 4504 1140 4572 pontifex·
1159 4502 1395 4567 summus]
1435 4516 1578 4566 papa,
1610 4500 1673 4551 R.
1695 4500 1763 4550 H.
1962 4504 1981 4533 ⁸
2015 4504 2432 4570 constitutionum]
2486 4505 2877 4571 institutionum,

867 4586 888 4615 ⁸
919 4588 1024 4635 suis
1049 4582 1253 4650 positis]
1293 4581 1579 4647 suppositis,
1612 4581 1676 4631 R.
1694 4580 1765 4629 H.
1892 4580 1956 4632 R.
1981 4580 2063 4632 H.
2712 4614 2723 4623 .

869 4666 890 4694 ⁴
919 4662 1342 4729 adfluo-nouos]
1360 4662 1542 4713 fratre·
1559 4658 1797 4724 mi‚R.H.
