3519 5734
1166 865 1589 918 ALEXANDEB
1630 863 1849 916 ABBAS
1892 864 2227 926 otmarus
2618 851 2749 914 315

651 1039 810 1104 terii
829 1036 850 1074 ¹
915 1038 998 1104 de
1044 1038 1370 1106 Belloloco
1423 1039 1915 1126 redigebantur,
1965 1041 2036 1104 et
2099 1036 2298 1103 modo
2364 1035 2607 1102 iterum
2670 1034 2756 1102 ad
2778 1043 3069 1094 A.D.1197

652 1163 887 1208 manus
931 1142 1341 1208 saemflarium
1404 1140 1831 1208 devenerunt.
1940 1139 1969 1176 ²
1987 1140 2119 1208 Sed
2188 1145 2414 1206 tamen
2471 1143 2755 1225 utraque
2781 1117 2959 1162 '¹²¹⁰‘

625 1267 806 1332 ‘pars
849 1245 1222 1313 indenturae
1276 1268 1395 1334 per
1463 1265 1662 1332 quam
1730 1245 1943 1311 dictas
2007 1245 2234 1311 domos
2296 1243 2577 1332 praefato
2623 1242 2757 1308 Ro-

653 1347 840 1413 berto
904 1348 1290 1415 dederamus
1352 1371 1551 1437 penes
1617 1371 1738 1414 nos
1803 1347 2193 1414 invenitur?
2315 1346 2758 1432 Canonicique
2782 1351 3023 1406 Wartria.

655 1450 736 1516 de
778 1451 1066 1519 Wartria
1108 1452 1435 1519 dederunt
1479 1452 1672 1534 nobis
1702 1452 1814 1518 vii.
1848 1473 2029 1517 acras
2074 1457 2268 1518 terrae
2298 1458 2369 1518 et
2414 1449 2757 1516 dimidiam

655 1555 834 1642 apud
879 1554 1266 1622 Presthowe
1323 1556 1396 1621 in
1440 1555 1722 1635 Wartre,
1771 1559 1856 1621 ex
1923 1559 2115 1643 parte
2164 1554 2415 1621 boreali
2461 1552 2757 1642 grangiae

656 1663 898 1724 nostrae
945 1659 1028 1725 de
1089 1657 1652 1738 Blaunchemarle‚
1715 1663 1789 1724 et
1855 1658 2021 1724 alias
2086 1657 2203 1724 xii.
2266 1657 2619 1745 perticatas
2685 1657 2759 1721 in
2784 1670 3069 1722 Blaunohe·

656 1761 1056 1828 escambium
1113 1784 1235 1851 pro
1293 1763 1430 1828 viii.
1500 1763 1664 1828 acris
1726 1767 1923 1830 terrae
1988 1763 2064 1827 in
2128 1761 2467 1828 territorio
2530 1781 2757 1848 eupra-
2782 1739 2957 1792 max-le.

656 1864 850 1931 dicto.
942 1865 1036 1932 Et
1081 1866 1284 1954 Hugo
1330 1867 1412 1931 de
1458 1865 1744 1931 Boltona
1804 1871 1874 1932 et
1919 1865 2163 1932 Cecilia
2206 1887 2376 1931 uxor
2419 1864 2579 1951 ejus,
2622 1863 2762 1928 filia

659 1967 942 2034 Galsridi
1005 1968 1252 2049 Darell,
1323 1968 1769 2036 vendiderunt
1829 1969 2021 2034 nobis
2088 1991 2291 2034 unam
2358 1988 2755 2042 mansuram,

655 2091 717 2136 v.
793 2071 998 2137 tostos
1071 2077 1142 2137 et
1215 2093 1281 2137 v.
1346 2071 1624 2138 bovatas
1699 2077 1913 2150 terrae,
1958 2072 2034 2137 in
2096 2071 2407 2150 Wartfia,
2484 2091 2605 2157 pro
2672 2071 2757 2133 50

655 2174 910 2256 mar-cie,
987 2196 1108 2262 pro
1124 2173 1152 2212 ³
1225 2175 1468 2262 quibus
1542 2180 1722 2240 terra
1791 2175 1909 2239 illa
1980 2174 2327 2240 invadiata
2400 2173 2531 2238 fuit
2604 2193 2763 2258 erga

657 2275 705 2343 J
705 2277 930 2345 udaeos
993 2300 1111 2366 pro
1176 2277 1406 2346 debito
1477 2277 1758 2344 Galfridi
1826 2277 2237 2366 supradicti!
2324 2277 2469 2342 Alii
2534 2281 2761 2342 autem

659 2381 738 2446 de
783 2403 1021 2469 genere
1079 2386 1150 2447 et
1207 2382 1599 2469 cognatione
1661 2382 1925 2469 praefati
1971 2380 2255 2447 Galfridi
2317 2381 2493 2468 ipsas
2552 2387 2763 2446 terras

659 2483 741 2549 de
793 2483 1082 2550 Wartria
1131 2507 1174 2549 a
1233 2486 1425 2552 nobie
1471 2486 1878 2574 exigebant3
1920 2485 2036 2552 sed
2079 2491 2326 2565 tamen,
2374 2485 2537 2550 data
2598 2483 2761 2570 ipsis

660 2587 1004 2674 aliquanta
1063 2589 1358 2674 pecunia,
1427 2589 1640 2677 ipsam
1707 2593 1955 2655 terram
2018 2589 2211 2655 nobis
2274 2589 2761 2676 imperpetuum

662 2690 1158 2758 confirmabant.
1275 2691 1381 2759 De
1455 2693 1698 2780 quibus
1774 2693 2175 2759 willielmus
2247 2693 2424 2758 filius
2497 2689 2763 2780 praefati

663 2791 972 2881 Hugonis
1045 2815 1166 2860 nos
1229 2815 1424 2883 super
1490 2817 1716 2863 omnes
1779 2796 2069 2864 vexabat
2134 2796 2467 2885 injuriose,
2536 2799 2617 2860 ut
2688 2793 2763 2858 in

661 2902 957 2985 tempore
1025 2898 1335 2987 Hugonis
1403 2898 1666 2965 abbatis
1713 2906 1752 2967 5
1800 2906 2031 2989 postea
2074 2900 2439 2989 apparebit.
2544 2896 2571 2934 ⁶
2596 2898 2767 2964 Prae-

661 3001 839 3066 fatus
925 3001 1130 3067 etiam
1239 3003 1444 3091 Hugo
1523 3026 1734 3069 unum
1798 3004 2043 3070 toftum
2112 3010 2181 3070 et
2248 3005 2414 3070 duas
2488 3002 2765 3069 bovatas
2788 3017 3018 3071 Boltona.

662 3109 856 3171 terrae
900 3106 1184 3171 contulit
1226 3107 1420 3173 nobis
1477 3106 1552 3171 in
1597 3106 1901 3188 Boltona‚
1946 3130 2097 3194 quae
2140 3108 2215 3172 in
2260 3113 2556 3195 tempore
2601 3106 2764 3171 dicti

665 3206 975 3295 Hugonis
1033 3209 1295 3275 abbatis
1359 3213 1397 3274 5
1463 3210 1736 3275 fuerunt
1796 3210 2115 3290 alienatae,
2178 3215 2259 3275 ut
2320 3211 2394 3275 in
2468 3216 2764 3297 tempore

663 3332 781 3377 suo
823 3311 1186 3379 referetur!⁵
1274 3313 1558 3381 Thomas
1603 3334 1864 3401 quoque
1910 3314 2087 3379 filius
2130 3313 2430 3379 Turetini
2475 3312 2557 3379 de
2602 3312 2762 3377 Dal·
2788 3320 3023 3375 Deltona.

663 3418 843 3493 tona,
890 3415 972 3480 de
1016 3438 1146 3503 quo
1191 3416 1556 3504 praefertur,
1601 3418 1791 3483 dedit
1839 3418 2033 3484 nobis
2082 3420 2163 3484 19
2211 3440 2393 3483 acras
2450 3422 2647 3483 terrae
2690 3416 2765 3481 in

665 3516 884 3583 North
929 3518 1241 3585 Daltona.
1335 3520 1673 3587 Walterus
1717 3521 1921 3588 etiam
1972 3521 2151 3587 filius
2195 3521 2463 3588 Ricardi
2526 3521 2765 3587 habuit

663 3626 800 3687 tres
843 3620 1120 3688 bovatas
1163 3628 1358 3691 terrae
1401 3624 1668 3705 ibidem,
1702 3625 1785 3691 de
1830 3625 2071 3713 quibus
2104 3623 2287 3692 dedit
2329 3624 2521 3691 nobis
2563 3646 2765 3691 unam

665 3723 981 3790 bovatam
1054 3727 1298 3809 terrae,⁶
1370 3749 1490 3816 pro
1567 3750 1700 3817 qua
1766 3732 1809 3795 2
1884 3728 2129 3796 solidos
2202 3735 2273 3797 et
2348 3732 2391 3795 4
2464 3729 2767 3797 denarios

667 3830 1014 3895 annuatim
1057 3831 1490 3899 redderemus.

742 4069 754 4101 ¹
792 4070 1098 4137 master-ii]
1138 4070 1374 4135 abbatim,
1396 4072 1456 4126 P.
1764 4072 1853 4127 bat
1874 4088 2033 4126 unum
2052 4074 2239 4126 tostum
2262 4082 2312 4125 et
2336 4081 2367 4125 2
2390 4076 2599 4125 bovatas
2622 4079 2766 4125 terrae

738 4152 760 4180 ²
797 4148 902 4201 Sed
929 4186 946 4203 .
979 4186 994 4202 .
1029 4188 1044 4203 .
1079 4188 1094 4201 .
1141 4153 1412 4219 invenimr]
1449 4152 1679 4221 wanting
1763 4154 1821 4205 in
1842 4156 2145 4217 Boveltona,
2167 4156 2357 4217 erased,
2381 4154 2441 4205 P.

674 4229 728 4281 in
749 4229 812 4280 P.
1828 4236 1849 4265 ⁰
1882 4236 2138 4302 Proefatus
2169 4272 2185 4287 .
2219 4272 2235 4287 .
2269 4273 2284 4287 .
2308 4233 2575 4300 reseretur]
2612 4241 2767 4285 want-

737 4314 758 4341 ⁸
781 4310 906 4377 pro]
946 4311 1176 4379 wanting
1201 4310 1258 4364 in
1279 4312 1342 4364 P.
1759 4315 1853 4383 ing
1873 4316 1929 4367 in
1951 4318 2009 4367 P.

739 4392 756 4421 ⁴
791 4392 944 4443 Afler
996 4393 1274 4461 cupradicti
1335 4393 1512 4458 insert,
1557 4393 1675 4460 Ipse
1826 4400 1847 4429 ⁶
1878 4397 2031 4451 After
2052 4403 2194 4451 terre
2214 4396 2377 4451 insert
2396 4397 2607 4466 ibidem,
2628 4400 2689 4455 P.

672 4479 840 4525 autem
871 4472 1030 4542 Hugo
1053 4474 1204 4527 nobis
1224 4475 1430 4541 insuper
1451 4476 1675 4529 eonfere-
