3519 5734
855 815 986 879 220
1457 830 1738 882 ‘mons
1786 830 1997 884 Alnus
2038 834 2347 888 mnus,

851 1176 938 1243 ΙΙ.
986 1178 1084 1245 De
1148 1202 1300 1247 um
1351 1188 1676 1249 eamcam
1739 1188 1935 1249 terroe
1990 1182 2078 1250 in
2130 1182 2431 1271 Thospia
2447 1210 2477 1266 ;
2530 1184 2611 1253 de
2646 1187 2950 1273 ymnaria

1028 1282 1110 1349 de
1143 1282 1690 1373 marksthorpza
1709 1311 1738 1367 ,·
1770 1286 1867 1353 εει
1912 1286 1991 1353 de
2028 1288 2423 1356 temmntie
2450 1288 2539 1357 in
2570 1290 2951 1359 Owtthorvw

1027 1394 1088 1454 et
1127 1388 1209 1453 Η
1203 1387 1532 1475 ayholmw.

511 1581 804 1637 A.D.1182
937 1576 1084 1643 Illis
1136 1583 1364 1645 autem
1432 1579 1685 1658 diebus,
1729 1600 1905 1645 unus
1968 1582 2197 1645 noster
2260 1578 2617 1645 monachus
2680 1581 2951 1647 nomine

509 1654 692 1701 -1197,

437 2026 444 2033 -
514 1992 752 2061 Thorpia.

506 2919 748 2972 Thai-les-

503 2987 716 3053 thorpia.

845 1679 1194 1761 Robertus,
1240 1682 1356 1767 qui
1399 1682 1682 1769 amplius
1725 1704 1925 1768 quam
1990 1702 2107 1768 per
2174 1684 2258 1747 20
2304 1704 2514 1747 annos
2562 1688 2793 1748 cantor
2834 1706 2951 1749 ex·-

843 1781 1072 1862 stitit,⁵²
1138 1789 1370 1869 postea
1434 1785 1748 1872 magister
1811 1784 2026 1870 operis
2093 1784 2353 1870 lapidei,
2398 1806 2517 1869 pro
2578 1785 2667 1850 lx,
2714 1788 2948 1852 marcis

843 1888 964 1948 aut
1009 1906 1086 1950 eo
1131 1885 1434 1973 amplius,
1481 1909 1645 1973 quas
1691 1885 2025 1952 Henricus
2066 1886 2272 1952 frater
2322 1908 2483 1951 suus
2528 1888 2815 1953 moriens
2858 1890 2945 1954 ad

841 1986 965 2053 hoc
1006 1987 1226 2075 ipsum
1270 1990 1628 2077 legaverat,
1659 2012 1857 2055 unam
1907 1995 2278 2055 carucatam
2322 1994 2519 2056 terrae
2554 1990 2627 2055 in
2656 1991 2949 2079 Thorpia

843 2089 924 2155 de
970 2089 1362 2180 Aldburgho
1429 2092 1514 2159 ad
1576 2114 1739 2179 opus
1802 2092 2089 2159 ecclesiae
2148 2097 2392 2159 nostrae
2414 2090 2442 2129 ³
2486 2094 2651 2159 emit
2695 2116 2737 2159 a
2784 2094 2948 2160 Wil-

839 2192 1063 2260 lielmo
1125 2194 1208 2259 de
1277 2194 1457 2261 Cauz
1522 2195 1756 2273 milite,
1828 2195 1945 2282 qui
1990 2194 2383 2282 Templariis
2450 2217 2521 2261 se
2581 2196 2947 2279 reddebat3

842 2318 992 2382 quae
1057 2301 1238 2363 terra
1304 2302 1548 2383 postea,
1591 2301 1891 2385 tempore
1936 2296 2307 2362 Alexandri
2374 2297 2639 2363 abbatis
2700 2302 2944 2385 quarti,

839 2420 961 2485 pro
1037 2400 1372 2487 aliquibus
1443 2400 1640 2465 terris
1726 2401 1801 2464 in
1876 2401 2162 2487 Mytona
2233 2400 2457 2465 fuerat
2529 2401 2943 2469 escambiata.

839 2502 1170 2571 Robertus
1233 2525 1492 2593 quoque
1556 2502 2157 2583 conestabulariuS,
2222 2524 2398 2569 unus
2464 2504 2545 2569 de
2620 2504 2943 2571 militibus

837 2606 1096 2673 comitis
1139 2607 1580 2687 Albemarliae,
1627 2607 1744 2693 qui
1790 2628 1939 2671 cum
1990 2627 2142 2693 rege
2185 2606 2470 2671 Ricardo
2512 2628 2741 2673 versus
2786 2606 2943 2673 Ter·

837 2731 983 2775 ram
1029 2708 1340 2776 Sanctam
1384 2708 1730 2796 profectus,
1778 2730 1982 2775 senex
2044 2712 2115 2773 et
2156 2708 2390 2795 plenus
2434 2709 2709 2789 dierum,
2754 2732 2941 2776 cruce

837 2812 1154 2899 signatus,
1203 2812 1600 2898 quingentas
1659 2832 1842 2878 acras
1908 2816 2120 2888 terrae,
2166 2815 2385 2876 totum
2430 2811 2741 2878 videlicet
2756 2811 2781 2849 ⁴
2826 2813 2947 2880 do·-

838 2913 1155 2980 minicum
1199 2935 1410 2994 suum,
1456 2936 1607 2980 cum
1651 2912 1922 3001 capitali
1965 2913 2304 3000 mesuagio
2364 2915 2435 2978 in
2488 2915 2942 2982 Tharlesthor-

838 3016 964 3103 pia,
1012 3017 1296 3102 acceptis
1348 3039 1467 3105 pro
1514 3038 1590 3082 eo
1607 3015 1635 3052 ⁶
1679 3016 1802 3083 clx.
1850 3017 2101 3096 marcis,
2150 3017 2345 3082 nobis
2408 3017 2613 3084 dedit.
2702 3017 2939 3086 Totam

836 3121 1038 3187 etiam
1081 3120 1311 3186 villam
1355 3120 1438 3186 de
1482 3119 2020 3206 Tharlesthorpia
2082 3124 2150 3184 et
2213 3119 2444 3185 villam
2509 3121 2591 3186 de
2660 3121 2941 3188 Halsam

834 3223 1025 3290 nobis
1069 3225 1330 3303 locavit,
1365 3223 1574 3289 donec
1617 3222 1775 3287 inde
1807 3221 2267 3307 recepissemus
2311 3222 2489 3309 ipsas
2517 3224 2639 3290 clx,
2669 3245 2940 3302 marcae,

835 3350 1000 3414 quas
1043 3329 1108 3394 ei
1149 3326 1585 3416 proficiscenti
1617 3325 2123 3392 conferebamus.
2220 3324 2468 3392 Omnes
2512 3348 2669 3392 vero
2698 3327 2938 3394 fratres

834 3430 975 3517 ejus
1018 3434 1089 3497 et
1132 3430 1485 3518 propinqui
1531 3450 1727 3515 quam
1788 3428 2007 3516 plures
2070 3427 2457 3494 donationes
2478 3427 2506 3464 ⁰
2550 3429 2758 3516 ipsius
2803 3429 2939 3496 Ro-

832 3535 1010 3600 berti
1053 3534 1286 3600 militis
1329 3532 1520 3598 nobis
1585 3531 2165 3610 confirmaverunt,
2210 3536 2452 3618 praeter
2506 3530 2937 3599 Willielmum

831 3637 1100 3701 fratrem
1146 3635 1301 3722 ejus,
1347 3635 1463 3722 qui
1505 3635 1761 3722 primus
1802 3638 1953 3720 post
1996 3633 2213 3720 ipsum
2259 3632 2406 3712 fuit,
2438 3634 2556 3701 sed
2598 3640 2756 3701 ante
2786 3658 2934 3702 eum

835 3745 1135 3805 mortuus
1179 3745 1295 3805 est.
1390 3737 1599 3825 Cujus
1665 3743 1893 3803 tamen
1951 3737 2129 3801 filius
2174 3727 2551 3814 RobertuS,'
2569 3739 2937 3827 praescripti

835 3841 1110 3907 Roberti
1155 3839 1469 3907 avunculi
1511 3840 1618 3905 sui
1662 3839 2103 3904 hereditatem
2148 3845 2505 3920 assecutae,
2549 3841 2742 3906 nobis
2786 3865 2937 3908 con—

831 3944 1028 4010 cessit
1051 3941 1077 3978 ⁷
1120 3943 1298 4029 quod
1339 3943 1478 4029 ipse
1524 3946 1594 4007 et
1638 3941 1908 4008 heredes
1970 3942 2074 4006 sui
2140 3941 2223 4006 de
2286 3941 2590 4008 omnibus
2643 3945 2935 4011 servitiis

831 4051 1075 4133 praeter
1116 4046 1512 4111 forinsecum
1557 4044 1905 4111 servitium
1935 4065 2056 4110 nos
2100 4066 2220 4131 pro
2264 4043 2411 4131 ipsa
2451 4049 2633 4110 terra
2674 4049 2932 4132 acquie-

829 4154 1070 4232 tarent,
1117 4152 1444 4235 quantum
1488 4146 1781 4234 pertinet
1826 4146 1913 4211 ad
1957 4145 2255 4232 quinque
2300 4146 2581 4212 bovatas
2624 4152 2819 4214 terrae
2850 4150 2933 4215 de

829 4252 1056 4318 eodem
1100 4251 1312 4330 feod0,
1359 4249 1538 4315 unde
1584 4253 1731 4315 octo
1776 4252 2102 4314 carucatae
2147 4247 2412 4314 feodum
2457 4247 2654 4316 unius
2698 4251 2932 4316 militis

898 4522 914 4553 ¹
945 4520 1018 4587 et]
1056 4520 1284 4586 wanting
1303 4521 1358 4572 in
1378 4521 1442 4572 P.
1996 4521 2017 4550 ⁸
2038 4537 2137 4586 pro
2156 4519 2235 4585 eo]
2273 4518 2503 4584 wanting
2522 4519 2578 4570 in
2599 4519 2667 4570 P.

892 4603 914 4634 ³
945 4601 1098 4652 After
1118 4601 1304 4651 exstitit
1327 4601 1488 4651 insert
1509 4605 1574 4660 et,
1595 4599 1657 4652 P.
1995 4603 2015 4630 ⁶
2047 4599 2352 4664 donationes]
2390 4598 2725 4660 donationem,
2748 4599 2809 4652 P.

891 4682 911 4712 ⁸
943 4679 1146 4746 nostroe]
1184 4680 1412 4745 wanting
1433 4680 1489 4730 in
1510 4681 1571 4732 P.
1996 4681 2013 4708 ²
2045 4677 2303 4746 concessit]
2340 4678 2658 4742 concedebat,
2682 4679 2742 4731 P.

893 4763 912 4792 ⁴
945 4767 1090 4812 totum
1110 4756 1354 4825 videlicet]
1392 4761 1626 4826 repeated
1647 4759 1701 4810 in
1723 4757 1785 4810 P.
