3519 5734
1146 854 1505 909 Brennus
1548 852 1767 906 ABnAs
1811 856 2162 908 snm-mus
2576 841 2704 905 441

597 1041 885 1100 sideravit
920 1056 1131 1113 nempe
1167 1031 1345 1119 quod
1384 1040 1436 1097 si
1476 1044 1661 1096 totam
1686 1039 2064 1097 severitatem
2098 1040 2470 1113 expanderet,
2511 1040 2711 1099 forsan
2734 1052 2871 1106 ΑΒ,
2901 1060 3031 1109 1228

592 1123 826 1195 legatus
863 1140 1029 1194 papae
1067 1122 1171 1193 qui
1204 1128 1346 1177 tunc
1383 1120 1585 1177 aderat
1619 1120 1683 1175 in
1716 1121 1955 1175 irritum
1991 1122 2248 1188 duceret,
2276 1138 2597 1194 regemque
2635 1121 2710 1177 ad
2733 1126 2918 1174 -1247.

594 1206 889 1263 deteriora
922 1210 1285 1277 provocaret.
1358 1204 1427 1261 Si
1459 1222 1603 1261 vero
1636 1204 2110 1277 archiepiscopus
2158 1223 2418 1277 praesens
2455 1206 2708 1263 existens

593 1308 798 1348 eorum
835 1294 1029 1347 errata
1062 1308 1178 1345 non
1232 1290 1577 1359 corrigeret,
1615 1288 1921 1344 videretur
1971 1307 2041 1344 ea
2087 1308 2195 1359 per
2247 1290 2538 1361 quandam
2591 1290 2710 1345 dis-

594 1374 985 1431 simulationis
1018 1374 1390 1430 tolerantiam
1440 1372 1782 1444 approbare.
1875 1373 2197 1445 Propterea
2229 1374 2540 1446 praeelegit
2585 1391 2710 1431 cor-

594 1474 737 1530 pore
775 1475 838 1515 se
876 1458 951 1512 ad
984 1462 1252 1530 tempora
1287 1456 1616 1523 absentare,
1668 1461 1737 1513 ut
1772 1455 1902 1529 ipso
1951 1457 2104 1513 facto
2142 1457 2335 1515 cordis
2373 1457 2710 1515 ostenderet

591 1536 1043 1595 amaritudinem
1080 1544 1140 1593 et
1173 1536 1437 1607 ipsorum
1474 1534 1866 1593 detestaretur
1901 1536 2207 1593 malitiam.
2301 1528 2411 1593 Ab
2457 1528 2708 1615 Anglia

590 1639 744 1705 ergo
807 1617 1148 1683 discedens
1212 1615 1589 1681 Pontiniaci
1656 1616 1729 1679 in
1791 1615 2184 1704 Burgundia
2245 1624 2702 1685 commoratur.

593 1717 1000 1807 Ibidemque,
1033 1719 1156 1785 sub
1188 1722 1421 1785 octavo
1466 1716 1866 1805 praesulatus
1895 1717 2000 1783 sui
2029 1739 2223 1798 anne,
2257 1730 2705 1802 ingravescente
2787 1800 2792 1803 ¹

592 1822 721 1894 ejus
770 1823 981 1879 ultimo
1016 1822 1239 1889 morb0,
1280 1820 1529 1877 secessit
1575 1838 1611 1877 a
1656 1819 2001 1877 Pontiniaco
2053 1838 2246 1893 usque
2292 1821 2524 1895 Moysy‚
2574 1838 2707 1894 pro-

590 1906 829 1961 mittens
884 1906 1007 1961 illis
1044 1906 1198 1977 quod
1247 1905 1344 1961 die
1394 1903 1597 1961 Sancti
1648 1904 1948 1961 Edmundi
2000 1910 2416 1963 reverteretur.
2508 1905 2710 1963 Allata

590 1989 706 2045 sibi
744 1989 1117 2055 eucharistia,
1158 1990 1325 2055 dixit,
1370 1991 1409 2017 ‘⁶
1436 1990 1529 2045 Tu
1552 2007 1615 2044 es
1652 1988 1904 2045 Domine
1953 2006 2130 2061 quem
2179 1990 2390 2056 amavi,
2431 1990 2494 2046 in
2530 2008 2708 2061 quem

591 2074 634 2100 “
672 2072 915 2137 credidi,
966 2090 1143 2144 quem
1178 2072 1514 2145 praedicavi,
1554 2077 1771 2144 praeter
1809 2090 2004 2142 quem.
2024 2072 2188 2127 aliud
2221 2090 2339 2129 non
2379 2072 2626 2144 quaesivi
2647 2073 2705 2130 =”

589 2156 648 2214 ei
683 2156 769 2213 sic
805 2164 1037 2230 sumpto
1070 2157 1289 2215 viatico
1312 2158 1480 2222 dixit,
1524 2158 1564 2187 ‘⁶
1582 2156 1869 2212 Homines
1895 2153 2100 2211 dicunt
2123 2155 2282 2226 quod
2303 2155 2481 2213 ludus
2497 2156 2516 2189 ¹
2540 2156 2708 2214 vadit

592 2243 632 2269 “
668 2240 734 2297 in
778 2248 1065 2309 ventrem,
1104 2242 1213 2299 sed
1258 2259 1372 2313 ego
1418 2240 1551 2295 dico
1600 2238 1757 2309 quod
1801 2237 1970 2295 vadit
2013 2238 2078 2293 in
2116 2237 2436 2297 mentem-'⁹
2533 2239 2701 2307 Inde,

588 2326 791 2383 lavans
814 2326 1060 2383 vulnera
1093 2324 1373 2395 imaginis
1411 2322 1677 2379 crucifixi
1713 2327 1778 2379 et
1811 2320 2176 2387 deosculans,
2215 2322 2384 2389 dixit,
2429 2324 2468 2351 ‘⁶
2488 2322 2706 2379 Hauri-

248 2408 371 2461 Isai.
395 2408 485 2463 xii.
511 2414 557 2462 3.
594 2406 632 2433 ‘⁸
672 2404 785 2462 etis
823 2423 1005 2477 aquas
1043 2404 1106 2459 in
1141 2402 1360 2473 gaudio
1396 2403 1470 2458 de
1523 2402 1681 2459 fonte
1720 2400 2121 2459 salvationis.'’
2225 2393 2468 2479 Sicque
2515 2394 2701 2475 obiit,

590 2484 713 2549 sub
758 2504 933 2549 anno
978 2480 1251 2546 Domini
1298 2484 1490 2561 1240,
1525 2485 1596 2547 et
1639 2482 1938 2567 sepultus
1983 2486 2085 2549 est
2127 2484 2308 2569 apud
2360 2483 2704 2551 Pontinia-

589 2605 776 2665 cum;
821 2604 898 2647 ac
926 2582 1347 2669 postmodum
1377 2582 1452 2652 '70
1479 2582 1638 2648 inde
1668 2604 1845 2648 anno
1875 2582 2243 2650 translatus
2280 2590 2400 2667 est,
2433 2586 2704 2653 favente

589 2708 762 2774 papa
808 2684 1197 2751 Innocentio
1242 2688 1339 2755 4⁰.
1436 2685 1567 2767 Qui
1632 2686 1838 2751 etiam
1886 2686 2282 2753 Edmundus
2350 2710 2498 2754 cum
2561 2690 2702 2778 glo-

589 2788 990 2855 riosissimus
1054 2786 1386 2854 miraculis
1430 2786 1636 2854 etiam
1680 2792 1986 2855 mortuus
2053 2789 2266 2856 indies
2330 2792 2702 2875 effulsisset,

589 2897 657 2958 et
722 2892 907 2958 fama
971 2891 1349 2958 sanctitatis
1416 2890 1558 2980 ejus
1631 2892 1931 2979 undique
2000 2893 2434 2976 excrevisset,
2482 2895 2703 2983 plures

586 2994 1187 3080 peregrinationem
1230 2994 1319 3060 ad
1386 2995 1528 3081 ejus
1588 2993 1906 3062 feroti-um
1969 2995 2394 3064 devoverunt.
2511 2997 2701 3066 Inter
2723 3013 3036 3083 Paga-image

588 3118 751 3183 quos
795 3118 947 3162 cum
1012 3097 1321 3164 mulieres
1388 3098 1643 3185 pariter
1710 3097 2162 3177 convenirent,
2209 3104 2280 3165 et
2347 3121 2455 3166 eas
2521 3100 2700 3167 infra
2721 3081 2786 3198 {ff
2797 3097 2995 3198 {52²³OE

584 3203 771 3287 septa
789 3197 816 3238 ²
874 3199 1261 3265 monasterii
1308 3199 1838 3266 Pontiniacensis
1897 3200 1986 3266 ad
2030 3200 2352 3268 Sanctum
2396 3203 2698 3270 accedere
2723 3213 2895 3293 shrine
2917 3222 2970 3268 at

582 3325 719 3370 non
784 3303 1297 3390 permitteretur,
1345 3303 1651 3368 monachi
1717 3301 2062 3369 devotioni
2122 3304 2476 3370 mulierum
2543 3327 2699 3371 con-
2721 3280 2767 3331 P
2769 3289 2999 3348 onugny.

581 3404 882 3470 faventes
928 3409 999 3472 et
1042 3405 1354 3491 antiquas
1400 3405 1711 3472 ordinum
1771 3404 2228 3474 observantias
2287 3407 2504 3474 adhuc
2563 3429 2697 3474 ser-

584 3527 743 3570 vare
789 3505 1145 3591 cupienteS,
1191 3511 1391 3591 atque
1436 3507 1663 3572 forsan
1708 3529 1827 3574 suo
1894 3507 2077 3576 lucro
2145 3507 2503 3590 inhiantes,
2546 3510 2696 3577 brar-

585 3608 807 3673 chium
854 3605 1086 3672 Sancti
1129 3611 1209 3672 ut
1254 3606 1497 3672 dicitur
1540 3629 1577 3671 e
1622 3607 1863 3673 feretro
1923 3609 2362 3690 abstulerunt,
2413 3616 2484 3679 et
2528 3611 2698 3680 illud

586 3711 672 3776 ad
716 3714 945 3797 portas
987 3708 1369 3775 monasterii
1420 3709 1823 3788 detulerunt,
1870 3715 1950 3776 ut
1994 3713 2302 3778 mulieres
2361 3714 2599 3780 saltem
2657 3737 2698 3781 a

579 3812 777 3880 totali
842 3801 978 3880 suae
1042 3810 1417 3880 devotionis
1476 3811 1816 3900 proposito
1879 3812 2151 3878 minime
2209 3812 2693 3898 fiaudarentur,

584 3920 655 3982 et
698 3916 828 4003 ipsi
873 3921 1203 4002 quaestum
1248 3936 1387 3981 non
1429 3937 1711 4002 parvum
1740 3936 1826 3982 ex
1854 3915 2204 3982 mulierum
2249 3914 2694 3984 oblationibus

582 4022 1149 4104 consequerentur.
1213 4017 1365 4100 Qua
1392 4017 1717 4085 divisione
1742 4017 2001 4085 brachii
2031 4041 2072 4084 a
2099 4017 2352 4086 coeteris
2381 4018 2694 4086 membris

584 4122 767 4187 Deus
812 4127 882 4186 et
926 4120 1225 4200 Sanctus,
1273 4125 1355 4187 ut
1400 4122 1707 4203 creditur,
1743 4121 2096 4210 indignati,
2143 4121 2406 4208 publica
2447 4123 2691 4211 populo

582 4225 898 4292 miracula
939 4224 1217 4291 ulterius
1262 4224 1625 4312 patefacere
1670 4225 2221 4314 dedignabantur.

652 4447 666 4477 ¹
692 4445 859 4512 ludus]
886 4446 1202 4512 Incorrectly
1218 4445 1418 4511 printed
1436 4445 1584 4513 lupus
1683 4451 1721 4478 ‘⁸
1736 4448 1862 4501 Men
1885 4463 2028 4516 seyn,
2044 4463 2228 4515 gomen
2250 4463 2348 4514 gaz
2368 4447 2426 4499 in
2448 4447 2690 4500 *wombess’

582 4523 635 4574 in
673 4523 941 4590 Twyaden.
1008 4527 1073 4578 In
1114 4526 1203 4578 the
1240 4526 1458 4592 original
1495 4527 1583 4578 life
1749 4529 1771 4558 ²
1803 4528 1970 4594 septa]
2010 4534 2170 4593 cepta,
2190 4527 2278 4579 the
2306 4532 2540 4580 constant
2559 4528 2690 4578 form

582 4604 671 4656 the
708 4607 921 4669 proverb
954 4606 1003 4658 is
1038 4607 1225 4672 quoted
1258 4606 1314 4658 in
1348 4607 1581 4673 English,
1684 4608 1745 4658 of
1758 4609 1978 4674 spelling
1999 4608 2055 4659 in
2077 4607 2202 4660 both
2223 4607 2374 4662 MSS.

2278 4923 2413 4976 1⁸1³·
