3519 5734
329 3068 460 3121 Ibid.
469 3085 518 3135 p.
530 3074 646 3123 397.

1317 857 1514 906 Anni
1557 857 1777 907 ABBAs
1822 858 2104 909 PRIMUS.
2630 848 2760 912 133

660 1030 834 1096 filius
913 1029 1016 1096 Im
1023 1032 1376 1118 perstricis,
1447 1051 1636 1098 verus
1721 1032 1911 1098 heres
1976 1035 2163 1120 regni
2244 1034 2521 1121 Angliae,
2600 1049 2764 1100 tanta
2789 1057 2881 1093 son
2902 1045 2964 1094 of
2974 1045 3065 1096 the

656 1133 1008 1189 necessitate
1064 1133 1400 1206 compulsus
1461 1173 1478 1189 .
1543 1172 1562 1190 .
1625 1173 1642 1190 .
1703 1133 1769 1188 in
1824 1135 2107 1206 Angliam
2164 1135 2478 1192 advolavit.
2600 1137 2763 1192 Tunc
2787 1123 3085 1227 ἓῒηῐζὲεἰῖω

660 1223 1014 1281 miserabilis
1049 1225 1289 1298 Anglia‚
1326 1239 1514 1304 paene
1550 1225 1869 1292 destructa,
1908 1245 2016 1299 per
2052 1227 2182 1298 ejus
2218 1227 2553 1294 adventum,
2595 1229 2765 1300 quasi
2791 1241 3039 1308 langland,

660 1325 800 1382 vitae
821 1317 1154 1406 paulisper
1195 1318 1595 1405 spiraculum
1639 1320 1979 1405 reaccepit.
2029 1368 2045 1384 .
2094 1368 2111 1386 .
2160 1368 2177 1386 .
2224 1319 2315 1384 Et
2359 1347 2495 1386 cum
2528 1327 2765 1400 Angliae

662 1425 866 1482 littora
903 1469 921 1484 .
961 1469 976 1484 .
1019 1465 1035 1485 .
1095 1441 1245 1486 cum
1313 1420 1538 1508 paucis
1600 1424 1829 1485 tamen
1887 1435 2249 1500 occupasset,
2302 1429 2513 1485 subitis
2572 1427 2765 1484 afflata

664 1521 998 1576 rumoribus
1033 1527 1194 1577 terra
1227 1522 1612 1577 infrendebat.
1657 1562 1672 1576 .
1715 1563 1730 1576 .
1775 1561 1791 1577 .
1834 1520 1941 1576 Sui
1958 1519 1975 1552 ²
2010 1521 2307 1582 tamen,de
2344 1521 2599 1576 adventu
2634 1519 2763 1590 ejus

665 1603 980 1660 admodum
1011 1606 1424 1679 tripudiantes,
1479 1623 1658 1678 super
1690 1605 1804 1662 hoc
1852 1605 2012 1676 quod
2055 1622 2272 1676 paucos
2309 1621 2509 1660 secum
2544 1603 2763 1658 addux-

663 1693 796 1743 erat
847 1690 1278 1764 aliquantulum
1335 1689 1867 1755 commovebantur,
1921 1695 1983 1744 et
2061 1689 2320 1744 hostium
2378 1688 2641 1744 confusio
2692 1705 2765 1742 ex

663 1780 866 1836 eadem
934 1784 1230 1855 paucitate
1285 1800 1404 1838 non
1461 1781 1758 1836 modicum
1816 1780 2207 1836 relevabatur.
2268 1821 2283 1834 .
2342 1821 2356 1834 .
2412 1821 2425 1834 .
2464 1780 2549 1836 At
2604 1771 2759 1849 dux,
2785 1783 2868 1834 He
2890 1786 2977 1836 be·

664 1873 1171 1943 splendidissimus
1185 1873 1208 1906 ²
1235 1874 1493 1945 juvenis,
1532 1889 1901 1945 congregans
1950 1890 2088 1928 suos
2122 1877 2245 1928 tam
2282 1889 2429 1943 quos
2464 1872 2765 1927 invenerat
2786 1850 2949 1968 ffiss'tleg
2964 1851 3057 1968 ἐξα

663 1973 841 2026 quam
879 1976 1022 2029 quos
1057 1958 1378 2014 adduxerat
1416 1998 1431 2013 .
1475 1998 1490 2012 .
1533 1997 1548 2012 .
1589 1957 1899 2012 castellum
1934 1957 2007 2012 de
2031 1955 2416 2011 Malmesbirh
2439 1956 2759 2022 obsidebat,
2788 1983 3029 2034 Malum,

665 2085 680 2102 .
707 2088 722 2102 .
755 2089 770 2102 .
797 2054 858 2104 ct
880 2051 1078 2105 statim
1105 2091 1120 2104 .
1151 2091 1166 2106 .
1199 2092 1212 2105 .
1238 2043 1258 2071 “
1279 2047 1520 2128 praeter
1547 2062 1748 2105 unam
1782 2040 2046 2105 turrim'
2079 2049 2251 2120 cepit.
2284 2089 2298 2102 .
2332 2089 2345 2103 .
2378 2091 2391 2104 .
2442 2038 2549 2104 Ex
2578 2039 2763 2125 cujus
2786 2051 2931 2116 bury.

661 2140 866 2226 gestis
885 2165 894 2170 ·
911 2169 1014 2206 rex
1070 2150 1400 2223 Stephanus
1455 2150 1716 2206 sinistris
1767 2151 1986 2206 nuntiis
2024 2149 2383 2220 angariatuS,
2428 2191 2442 2205 .
2488 2191 2501 2204 .
2546 2193 2559 2206 .
2614 2165 2763 2208 cum
2788 2127 3009 2194 Stephen

663 2242 850 2314 copiis
886 2242 1155 2298 omnibus
1193 2242 1586 2316 congregatis,
1625 2260 1742 2297 non
1787 2244 1965 2314 longe
2014 2261 2049 2298 a
2092 2242 2477 2298 Malmesbirh
2512 2245 2765 2300 tentoria
2786 2197 3017 2328 {ng-1212?

664 2334 808 2389 fixit.
853 2375 866 2388 .
912 2375 926 2389 .
971 2375 984 2389 .
1027 2333 1216 2405 Cujus
1266 2334 1560 2390 exercitus
1613 2334 1825 2404 ingens
1868 2352 2177 2406 procerum
2222 2374 2239 2391 .
2287 2373 2305 2390 .
2352 2372 2369 2390 .
2416 2331 2561 2390 erat
2596 2337 2765 2391 terri-
2787 2328 2895 2378 him
2917 2331 3018 2379 and
3039 2330 3089 2380 5⁸

665 2424 804 2479 bilis
839 2425 1010 2479 valde
1049 2430 1110 2479 et
1145 2425 1411 2490 decorus,
1453 2424 1557 2480 sed
1605 2425 1809 2496 procul
1862 2425 1937 2480 ab
1990 2425 2075 2480 eis
2122 2432 2448 2482 recesserat
2482 2427 2663 2494 Deus,
2702 2427 2767 2482 in
2788 2397 3029 2448 defeated.

668 2534 781 2588 quo
819 2517 943 2571 solo
979 2521 1102 2571 tota
1137 2516 1315 2572 salus.
1428 2507 1632 2592 Cujus
1697 2516 1823 2571 acie
1874 2515 2132 2571 crastina
2184 2515 2469 2572 adventus
2524 2519 2616 2573 sui
2671 2519 2768 2574 die

671 2658 684 2671 .
729 2656 744 2671 .
788 2657 802 2670 .
840 2616 1075 2686 legibus
1125 2616 1356 2672 bellicis
1407 2617 1706 2688 eleganter
1741 2607 2086 2684 ordinata‚³
2120 2616 2339 2687 apertis
2376 2619 2767 2674 caracteribus

669 2719 822 2783 coeli,
877 2709 1350 2774 comitantibus
1394 2709 1749 2797 frigoribus
1794 2714 1864 2775 et
1906 2709 2093 2774 venti
2136 2708 2531 2788 turbinibus,
2577 2724 2768 2774 tantas

669 2810 730 2864 in
780 2810 956 2866 facies
1004 2827 1207 2866 eorum
1259 2811 1424 2867 misit
1475 2811 1638 2869 Deus
1691 2810 2098 2866 inundationes
2139 2851 2153 2865 .
2198 2851 2213 2864 .
2256 2849 2273 2866 .
2312 2817 2379 2866 ut
2426 2811 2554 2884 ipse
2606 2811 2808 2866 Deus·

665 2893 970 2956 ‚videretur
1005 2913 1112 2967 pro
1149 2896 1296 2951 duce
1343 2913 1470 2951 rem
1508 2896 1809 2968 agitasse.⁴
1846 2934 1867 2953 .
1906 2936 1921 2951 .
1966 2937 1981 2951 .
2024 2894 2229 2951 Stabat
2263 2912 2295 2950 e
2330 2896 2572 2967 regione
2607 2913 2771 2951 exer·

669 2978 823 3033 citus
851 2978 1132 3048 juvenilis
1165 2979 1356 3051 magis
1391 2980 1620 3035 viribus
1650 2980 1901 3035 confisus
1939 2997 2115 3052 quam
2148 2996 2411 3034 numero.
2454 3019 2469 3034 .
2513 3019 2528 3034 .
2572 3020 2587 3033 .
2626 2979 2771 3035 Erat

672 3060 909 3132 quidem
943 3062 1080 3117 duci
1104 3062 1345 3133 suisque
1379 3068 1696 3135 tempestas
1733 3081 1769 3118 a
1803 3069 1992 3135 tergo,
2018 3062 2151 3133 regi
2187 3062 2427 3133 suisque
2450 3063 2513 3117 in
2537 3063 2765 3128 faciem,

670 3150 740 3200 ut
771 3163 880 3201 nec
915 3163 1083 3201 arma
1118 3148 1408 3203 sustinere
1448 3165 1558 3204 nec
1605 3148 1840 3203 lanceas
1887 3165 2009 3219 prae
2056 3146 2313 3218 frigore⁵
2363 3152 2603 3218 possent
2638 3164 2769 3201 con-

668 3243 939 3293 trectare.
1030 3239 1110 3293 Et
1167 3240 1306 3311 quia
1349 3239 1702 3311 praeviderat
1753 3239 1916 3295 Deus
1952 3238 2109 3309 quod
2142 3230 2296 3295 duci
2330 3257 2512 3311 puero
2546 3246 2766 3295 terram

671 3337 795 3393 sinc
831 3329 1133 3416 ampliori
1169 3340 1474 3411 sanguinis
1511 3338 1793 3394 effusione
1830 3338 2111 3406 traderet,
2149 3357 2285 3395 cum
2317 3339 2518 3396 nullus
2568 3355 2767 3393 eorum

666 3437 883 3494 fiumen
915 3431 1165 3496 ibidem
1210 3433 1564 3497 decurrens
1613 3438 1953 3509 transgredi
2002 3445 2221 3511 posset,
2261 3457 2369 3495 nec
2422 3458 2526 3494 rex
2577 3442 2768 3494 tantas

669 3528 981 3587 illuviones
1018 3533 1178 3588 ultra
1216 3534 1479 3604 perferre
1534 3532 1845 3595 sufficeret,
1884 3536 2147 3587 cassatus
2198 3550 2374 3603 opere
2410 3530 2765 3586 Londoniam

667 3632 990 3701 repedavit.
1033 3674 1046 3687 .
1091 3674 1106 3687 .
1149 3674 1164 3688 .
1204 3632 1402 3704 Igitur
1436 3633 1609 3697 turri,
1649 3648 1827 3703 quam
1854 3617 1993 3703 ipse
2021 3617 2161 3682 dux
2196 3626 2520 3692 obsederat,
2560 3625 2616 3679 ei
2640 3623 2769 3679 red·
2790 3630 2976 3683 Princo

667 3722 810 3789 dita,
847 3725 1096 3779 ulterius
1112 3724 1134 3756 ⁶
1167 3727 1520 3796 properavit,
1562 3764 1578 3780 .
1625 3764 1642 3779 .
1695 3764 1710 3779 .
1749 3731 1819 3779 ut
1854 3734 2047 3777 castro
2083 3737 2155 3774 ue
2202 3718 2617 3790 Walyngforth
2644 3717 2768 3788 jam
2794 3698 2973 3762 Hem-V

665 3817 821 3870 fame
856 3816 1118 3887 perituro
1153 3823 1538 3883 succurreret,
1589 3813 1659 3873 et
1700 3804 2103 3872 victualibus
2146 3803 2307 3869 satis
2352 3801 2589 3880 allatiS,
2632 3803 2773 3865 vio·
2793 3764 3043 3897 ιῖγῗγιὲῗῆῗε.

665 3910 940 3973 lentiam
969 3914 1329 3974 castrorum
1359 3910 1769 3975 obsessorum
1787 3908 1813 3945 ⁷
1841 3906 2231 3973 annullavit.
2295 3905 2476 3970 Deus
2506 3904 2767 3990 quidem
2795 3897 2910 3947 ford
2930 3898 3101 3949 eastle.

665 4011 818 4076 duci
863 4010 984 4075 hoc
1025 4012 1434 4098 prosperavit
1475 4012 1813 4099 inceptum
1858 4015 1929 4076 et
1978 4007 2407 4093 tranquillum
2450 4007 2525 4071 in
2568 4005 2741 4070 omni
2748 4041 2775 4053 -

666 4114 790 4179 bus
842 4112 1148 4178 effectum
1196 4113 1552 4180 tribuebat.
1598 4165 1613 4180 .
1659 4165 1674 4179 .
1722 4164 1736 4179 .
1801 4122 2057 4177 Parvum
2107 4119 2222 4175 fuit
2260 4118 2443 4173 medii
2490 4117 2771 4189 temporis

737 4412 752 4441 ¹
791 4408 914 4475 Sui]
953 4392 1078 4471 Diu,
1100 4409 1171 4461 H.
1831 4410 1849 4439 ⁴
1883 4409 2123 4475 aqimus]
2162 4424 2329 4474 agere,
2352 4409 2421 4461 H.

673 4490 758 4619 ΒΩ
789 4487 1230 4555 mendum-’mm
1279 4488 1672 4551 nti-enuissimus,
1764 4489 1995 4617 eugris}
2016 4487 2241 4601 ssime]
2296 4488 2541 4541 imbribus
2582 4490 2769 4555 proflu-

729 4604 742 4619 .
1905 4604 1920 4629 ,
1997 4604 2010 4616 .

738 4646 759 4676 ⁸
786 4644 944 4711 Cujus
974 4681 990 4697 .
1023 4679 1042 4697 .
1072 4680 1091 4698 .
1122 4644 1376 4711 ordinata]
1415 4643 1540 4696 This
1562 4660 1676 4696 sen·
1831 4646 1853 4675 ⁸
1886 4644 2114 4712 ulterius]
2152 4645 2479 4707 exhilaratus,
2501 4646 2569 4696 H.

675 4734 822 4777 tence
844 4724 890 4776 is
910 4726 1200 4790 transpooed
1221 4724 1352 4775 from
1379 4724 1446 4775 H.
1834 4726 1853 4754 '
1886 4724 2205 4791 obsessorum]
2232 4725 2636 4788 obsessoriorum‚
2656 4725 2716 4775 M
