3519 5734
299 3392 362 3443 R.
386 3392 609 3458 Higdeu,

303 3460 397 3509 col.
423 3466 569 3511 2417.

1123 831 1580 910 'aunuum
1621 856 1837 908 sums
1880 850 2213 920 0111111110,
2599 842 2730 915 34⁸7

633 1031 1020 1097 tenemento,
1065 1053 1232 1118 quas
1277 1036 1442 1098 tunc
1486 1033 1839 1098 habuimus
1882 1033 1957 1098 in
2003 1033 2316 1112 Ebora00‚
2364 1034 2736 1112 Beverlzmo,
2758 1041 3049 1094 A.D.1199

635 1132 707 1196 in
755 1132 1042 1220 Burgho,
1091 1135 1394 1214 Hedona,
1441 1135 1767 1216 Arnallia,
1812 1135 2227 1224 Aldburgho,
2260 1137 2735 1223 Dudyngtona,
2757 1111 2943 1158 '¹²¹⁶'

637 1235 929 1313 Beforth,
1002 1235 1409 1324 Drynghow,
1482 1237 1750 1319 Setoua,
1824 1238 2343 1318 Northdaltona,
2416 1237 2731 1319 Wartria,

635 1335 1032 1404 Haraldestb
1040 1339 1240 1427 orpia‚
1289 1339 1825 1427 Waggethorpia,
1866 1340 1939 1406 in
1987 1340 2411 1420 Mollescroft,
2452 1341 2526 1406 in
2568 1339 2734 1407 villa

635 1439 867 1506 Sancti
913 1440 1235 1528 Botulphi
1298 1446 1368 1507 et
1434 1442 1510 1507 in
1556 1442 1995 1532 Knottyngle,
2042 1443 2236 1510 nobis
2281 1443 2733 1510 confirmabat.

637 1541 796 1630 Ipsa
857 1547 1085 1609 tamen
1128 1549 1510 1610 tenementa
1552 1545 1626 1611 in
1668 1544 2060 1634 Aldburgho
2105 1551 2175 1612 et
2220 1546 2737 1634 Waggethorpia
2760 1561 2795 1612 s.
2821 1567 2877 1613 51
2900 1561 2948 1613 b.

633 1666 676 1709 a
717 1647 1122 1712 monasterio
1165 1650 1416 1712 nostro,
1447 1652 1527 1713 ut
1571 1647 1924 1734 praefertur
1967 1653 2127 1714 sunt
2170 1649 2475 1716 alienata.
2569 1649 2740 1732 Qu'ae

634 1750 858 1814 omnia
924 1749 1327 1835 praescripta,
1371 1749 1622 1836 pariter
1671 1755 1741 1816 et
1785 1773 1925 1830 nos,
1969 1751 2189 1818 voluit
2231 1751 2439 1816 libera
2485 1772 2624 1817 esse
2668 1758 2737 1819 et

635 1852 862 1937 quieta
895 1851 988 1915 de
1048 1852 1442 1916 omnimodis
1486 1853 1969 1930 misericordiis,
2019 1853 2450 1920 forisfacturis
2495 1859 2566 1920 et
2610 1854 2737 1920 tal-

633 1951 844 2038 lagiis,
893 1956 962 2017 et
1021 1953 1218 2018 sectis
1263 1955 1717 2036 comitatuum,
1770 1961 1840 2021 et
1884 1956 2308 2042 thethynges,
2360 1961 2429 2022 et
2472 1979 2738 2044 wapen-

635 2055 774 2133 tak,
833 2054 1206 2134 assisarum,
1269 2041 1681 2143 placitorum,
1731 2064 1802 2122 et
1847 2057 2117 2123 auxiliis
2160 2058 2625 2149 vicecomitum
2669 2065 2740 2126 et

633 2158 1042 2224 servientum
1087 2179 1332 2248 eorum,
1381 2165 1450 2225 et
1510 2159 1594 2226 de
1652 2160 1835 2226 omni
1879 2165 2153 2226 terreno-
2188 2161 2463 2226 servitio
2510 2167 2580 2228 et
2624 2184 2737 2229 ex-

636 2260 895 2326 actione
940 2259 1281 2342 saeculari3
1342 2266 1412 2327 et
1471 2261 1648 2349 quod
1693 2262 2084 2328 haberemus
2127 2285 2354 2328 omnes
2398 2263 2742 2331 libertates

641 2368 710 2428 et
756 2363 1164 2448 quietantias
1208 2385 1356 2449 quae
1402 2387 1443 2428 a
1487 2364 1754 2451 regibus
1798 2364 2064 2451 Angliae
2116 2363 2311 2430 nobis
2355 2364 2463 2430 vel
2506 2365 2744 2452 aliqui-

640 2464 765 2531 bus
810 2464 958 2530 aliis
1003 2465 1084 2530 de
1152 2464 1386 2531 ordine
1452 2470 1680 2531 nostro
1727 2465 2153 2532 Cisterciensi
2196 2466 2745 2536 concedebantur.

639 2567 732 2632 Et
793 2589 879 2632 ne
943 2567 1194 2654 aliquis·
1249 2589 1403 2632 oves
1471 2573 1734 2633 nostras
1796 2589 2026 2655 capere
2087 2567 2197 2633 vel
2270 2590 2512 2635 vexare
2575 2593 2739 2657 prae-

641 2673 952 2750 sumeret,
1014 2690 1136 2735 nec
1208 2690 1330 2735 nos
1406 2692 1523 2757 per
1598 2670 1748 2736 illas
1811 2693 1892 2734 na
1900 2669 2159 2751 miaret,
2224 2693 2419 2758 quam
2427 2671 2544 2738 diu
2610 2673 2743 2739 alia

642 2772 1068 2838 habuerimus
1128 2773 1356 2839 averia
1398 2795 1518 2861 per
1564 2795 1715 2860 quae
1758 2795 2096 2862 possemus
2129 2774 2478 2860 justitiari,
2524 2780 2594 2842 et
2656 2799 2743 2844 ne

639 2875 880 2962 aliquis
924 2897 1066 2955 nos,
1111 2897 1214 2941 res
1273 2881 1394 2943 aut
1453 2876 1894 2964 possessiones
1938 2863 2213 2956 nostras,
2257 2875 2549 2967 gravare,
2596 2885 2742 2946 tur-

639 2978 797 3044 bare
858 2978 970 3045 vel
1029 2978 1366 3059 invadere,
1442 2984 1891 3066 praesumeret,
1966 2978 2091 3045 sub
2163 2979 2582 3048 :forisfactura
2646 2982 2745 3049 xi.

639 3080 960 3147 librarum
1027 3081 1291 3167 argenti
1348 3078 1789 3169 prohibebat.¹
1884 3081 1989 3147 De
2050 3081 2197 3148 aliis
2244 3082 2487 3171 quippe
2532 3086 2742 3171 gestis

639 3183 1057 3250 mirabilibus
1123 3183 1420 3271 ejusdem
1479 3183 1656 3271 regis
1701 3183 1750 3249 J
1753 3183 2033 3250 ohannis
2092 3188 2387 3272 tempore
2432 3186 2742 3275 Hugonis

639 3285 904 3353 abbatis
933 3286 1145 3353 nostri
1193 3287 1230 3350 5
1277 3290 1506 3373 postea
1549 3286 1883 3353 referetur.
1978 3285 2171 3352 Circa
2211 3308 2463 3353 nonum
2491 3310 2741 3355 annum

639 3389 834 3476 hujus
894 3389 1066 3477 regis
1111 3389 1440 3455 «Iohannis
1494 3415 1668 3455 canes
1706 3404 1769 3454 et
1819 3398 2058 3455 mastivi
2106 3416 2213 3470 per
2254 3399 2503 3456 forestas
2540 3418 2741 3458 omnes

637 3500 872 3573 Angliae
909 3500 1272 3557 occiduntur.
1343 3499 1522 3572 Apud
1561 3498 1968 3555 Suthwalliam
2006 3491 2225 3572 etiam,
2274 3502 2336 3555 in
2384 3506 2543 3557 terra
2582 3502 2741 3558 Mor·
2766 3500 2960 3553 Master

641 3593 798 3665 gani,
856 3594 1130 3665 apparuit
1186 3592 1251 3648 in
1310 3592 1529 3649 somnis
1581 3592 1872 3663 magistro
1924 3592 2205 3649 Mauritio
2254 3594 2427 3650 miles
2477 3594 2735 3666 quidam,
2765 3568 2953 3686 ἓοῖιῗξθ
2974 3570 3035 3621 ⁰f

639 3694 774 3732 cum
811 3695 927 3747 quo
963 3677 1205 3732 alternis
1229 3677 1498 3732 versibus
1533 3693 1688 3731 nunc
1719 3675 2051 3748 incipiendo
2086 3696 2239 3733 nunc
2272 3678 2525 3734 finiendo
2560 3680 2741 3735 collu-
2766 3702 2954 3753 Waleg,

640 3760 781 3816 dere
817 3759 1040 3832 coepit.²
1134 3758 1248 3829 Qui
1285 3766 1346 3816 et
1392 3760 1560 3825 dixit,
1590 3762 1629 3787 “
1645 3759 1937 3831 Magister
1982 3761 2256 3827 Maurici,
2298 3764 2435 3818 volo
2469 3769 2539 3819 ut
2572 3764 2741 3821 finias

646 3847 684 3871 “
722 3844 878 3900 1111110
923 3861 1182 3909 versum,
1227 3844 1543 3901 ‘Destruet
1591 3843 1702 3899 hoc
1753 3860 2007 3915 regnum
2041 3844 2167 3901 Rex
2206 3846 2515 3918 regum.”'
2589 3848 2741 3907 Cum

641 3928 777 3994 ille;
821 3930 860 3955 “
881 3926 1073 3982 11111110
1119 3926 1289 3982 finias
1337 3933 1405 3982 tu
1460 3926 1564 3997 qui
1616 3945 1855 3982 versum
1915 3928 2038 3983 fere
2094 3930 2571 3986 consummasti.”
2659 3931 2742 3989 At

641 4012 832 4077 mileS,
875 4014 910 4039 ‘⁶
929 4009 1081 4079 Quia
1116 4026 1291 4065 senex
1325 4028 1388 4065 es
1426 4015 1487 4065 et
1519 4010 1740 4065 hebes³
1763 4016 1832 4065 ut
1853 4010 2027 4067 video
2064 4012 2149 4067 sic
2184 4012 2385 4069 finies:
2428 4014 2743 4071 ‘Destruet

646 4108 684 4133 “
729 4108 742 4133 ‘
769 4105 880 4159 hoc
929 4120 1180 4203 regnum
1215 4101 1343 4157 Rex
1377 4119 1590 4175 regum
1640 4102 1878 4175 duplice
1930 4104 2201 4177 plaga.”’
2279 4098 2431 4185 Ipse
2475 4099 2739 4185 quidem

712 4424 728 4455 ι
763 4423 876 4473 The
915 4422 1115 4473 chartei·
1150 4421 1213 4471 of
1241 4420 1383 4471 John
1429 4420 1647 4472 referred
1807 4422 1829 4451 ²
1859 4417 2095 4471 mandere
2130 4422 2301 4489 coepit]
2344 4423 2645 4487 colludebat,
2676 4426 2740 4477 R.

645 4510 717 4566 to,
750 4503 796 4553 is
828 4502 1031 4553 entered
1070 4500 1124 4551 iu
1155 4500 1242 4551 the
1281 4500 1573 4564 chartulary
1593 4498 1656 4549 of
1741 4498 1811 4549 Η.

646 4583 734 4633 the
795 4587 1102 4646 monastery,
1159 4580 1476 4631 Lamdovne
1529 4577 1645 4629 MS.
1808 4581 1829 4610 ⁸
1862 4577 2029 4646 hebes]
2068 4581 2199 4643 ebes,
2222 4581 2335 4635 MS.

648 4668 762 4724 424,
786 4662 820 4713 f.
844 4664 924 4713 67.
