3519 5734
350 3954 562 4008 Ibidem.

1345 828 1544 880 snm
1587 829 1805 880 Annas
1848 831 2117 882 rmus
2430 877 2435 884 ,
2650 820 2774 882 131

677 1003 856 1060 triam
891 1005 1184 1077 arripuit,¹
1221 1011 1283 1062 et
1329 1007 1472 1078 quia
1521 1006 1833 1063 castellum
1882 1023 2031 1061 anno
2078 1007 2377 1078 praeterito
2418 1023 2645 1080 capere·
2662 1017 2779 1064 non
2799 1019 2880 1071 ΗΘ
2897 1021 2943 1072 ῐ,
2957 1023 3111 1078 fofled

679 1087 890 1159 potuit,
929 1088 1004 1144 ad
1041 1089 1170 1162 ejus
1205 1090 1531 1160 captionem
1565 1091 1706 1146 totis
1741 1088 1970 1146 viribus
2008 1089 2347 1146 desudabat.
2424 1089 2608 1146 Porro
2644 1095 2779 1146 cum
2800 1085 2855 1135 in
2880 1088 2959 1140 hi·
2979 1099 3055 1140 at-

681 1171 896 1228 in'clusi
931 1172 1188 1230 viriliter
1219 1177 1528 1240 restarent,
1569 1174 1686 1229 duo
1733 1173 1977 1230 castella
2023 1171 2099 1228 ad
2142 1173 2299 1228 illud
2330 1173 2779 1246 expugnandum
2800 1161 2957 1220 tpt
2978 1173 3045 1208 ⁰¹²

683 1273 788 1311 rex
840 1257 1182 1313 construxit.
1257 1256 1554 1326 Quosdam
1601 1263 1802 1313 tamen
1858 1275 1930 1312 ex
1982 1258 2327 1328 proceribus
2379 1258 2503 1314 suis
2555 1258 2781 1316 ibidem
2857 1235 2887 1272 e
2909 1225 3076 1286 mue*

685 1339 1045 1412 relinquens‚
1085 1341 1161 1396 ad
1205 1343 1444 1413 propria
1494 1341 1798 1398 remeavit.
1894 1340 2015 1398 Sed
2054 1342 2196 1412 quia
2234 1359 2361 1398 mos
2412 1343 2617 1415 regius
2654 1350 2783 1402 erat

685 1423 842 1495 quod
874 1425 1062 1482 multa
1093 1425 1415 1482 strenuiter
1459 1424 1746 1497 inciperet
1792 1431 1853 1480 et
1898 1423 2157 1496 segniter
2207 1433 2612 1496 exequeretur,
2652 1432 2779 1484 arte

681 1508 940 1566 consulis
973 1508 1048 1565 de
1077 1509 1470 1580 Legecestria,
1498 1508 1740 1564 castella
1772 1509 1935 1580 regis
1960 1508 2301 1566 obsidentia·
2320 1510 2599 1566 demolita
2622 1517 2775 1576 sunt,

681 1607 742 1658 et
776 1601 1082 1658 obsessum
1117 1607 1212 1658 est
1245 1600 1458 1657 callide
1503 1601 1841 1680 liberatum.
1918 1601 2167 1662 Interim
2206 1603 2589 1676 praescriptus
2628 1594 2783 1659 Gala
2799 1609 3053 1662 Deam-<31
3086 1643 3097 1652 -

672 1693 883 1760 ffidus
957 1713 1170 1762 eomes
1231 1691 1642 1780 Andegaviae
1679 1693 1949 1760 mortis
1992 1694 2250 1782 legibus
2292 1714 2544 1781 parens,
2592 1696 2781 1764 dedit
2798 1676 3059 1796 2353?
3108 1691 3115 1699 ·

671 1797 1052 1884 praescripto
1114 1796 1404 1862 Hem-ico
1477 1795 1913 1886 primogenito
1984 1817 2103 1861 suo
2170 1797 2645 1884 Andegaviam‚
2709 1805 2778 1864 et
2798 1809 2987 1873 Anjma.

673 1920 867 1964 suum
901 1899 1016 1984 jus
1059 1899 1132 1962 in
1177 1898 1589 1962 Normannia
1618 1897 2037 1966 contradidit.
2131 1897 2257 1965 Jus'
2294 1921 2552 1988 quoque
2595 1899 2777 1966 herc-

675 2001 990 2066 ditarium
1035 2000 1211 2086 quod
1254 2001 1328 2064 in
1372 2022 1573 2088 regno
1619 1999 1884 2087 Angliae
1928 2003 2009 2066 ut
2054 1999 2137 2066 de
2175 2001 2327 2086 jure
2370 2002 2597 2068 uxoris
2641 2025 2777 2070 suae

674 2102 970 2190 praefatae
1015 2101 1316 2169 Matildis
1345 2100 1761 2180 vendicabat,
1808 2102 1870 2166 ei
1916 2103 2249 2168 concessit.
2340 2104 2439 2168 'At
2481 2104 2779 2170 homines

676 2206 758 2272 de
831 2205 1223 2293 Andegavia
1295 2209 1366 2270 et
1439 2205 1508 2268 N
1509 2204 1853 2269 ormannia
1906 2204 2221 2291 homagia
2287 2209 2357 2270 et
2426 2205 2781 2272 fidelitates

675 2309 886 2374 eidem
949 2307 1241 2373 Henrico
1316 2305 1759 2371 reddiderunt.
1857 2305 2059 2371 Unde
2124 2315 2355 2394 postea
2400 2305 2539 2372 dux
2608 2307 2676 2371 N
2680 2327 2781 2372 or—

673 2410 960 2478 manniae
1023 2415 1092 2475 et
1136 2431 1348 2475 comes
1409 2407 1819 2494 Andegaviae
1849 2407 2065 2475 fuerat
2125 2397 2519 2475 nominatus.
2628 2409 2781 2496 Ipso

678 2534 936 2600 quoque
999 2533 1172 2576 anno
1240 2509 1540 2599 contigit,
1586 2510 1765 2598 quod
1832 2498 2007 2575 inter
2070 2509 2491 2577 Lodowicum
2559 2533 2781 2597 regem
2802 2523 3021 2574 Divoroe
3042 2525 3103 2574 of

679 2611 1082 2682 Francorum
1129 2618 1196 2679 et
1243 2613 1625 2678 AJienoram
1675 2633 1948 2677 uxorem
1993 2633 2195 2691 suam,
2229 2611 2430 2676 filiam
2482 2617 2551 2677 et
2596 2612 2781 2679 here·
2802 2590 3042 2706 fflossf

677 2717 828 2782 dem
891 2717 1148 2782 comitis
1219 2718 1236 2745 ³
1263 2713 1606 2780 willielmi
1629 2715 1644 2746 '
1657 2717 1664 2724 ’
1709 2713 2119 2779 Pictavensis
2181 2719 2251 2778 et
2316 2713 2499 2779 ducis
2573 2716 2784 2800 Aqui·
2806 2722 2934 2801 from
2956 2723 3039 2772 his

675 2818 896 2897 taniae,
961 2818 1322 2883 divortium
1387 2816 1754 2897 haberetur,
1824 2837 1901 2881 eo
1990 2814 2167 2901 quod
2250 2836 2358 2881 eos
2432 2814 2779 2883 affinitatis
2802 2787 3116 2917 {gff’hffisss

675 2920 942 2987 vinculo
1027 2912 1542 3005 consanguineos
1623 2919 1823 2983 fuisse
1898 2918 2307 2999 noscebatur,
2395 2918 2549 2984 licet
2634 2920 2779 3006 ipsa
2804 2922 3063 2999 ofPoitoq

677 3044 916 3089 corona
988 3020 1168 3109 regia
1242 3020 1560 3107 insignita
1634 3020 1847 3085 eidem
1892 3019 2033 3106 regi
2092 3019 2441 3087 Lodowico
2488 3014 2777 3087 sobolem
2802 2989 3091 3107 ffiffissqm-

677 3124 1075 3212 protulisset.
1190 3122 1356 3191 Haeo
1414 3127 1638 3188 autem
1705 3122 2017 3186 Alienora
2093 3142 2134 3185 a
2201 3122 2482 3188 Merlino
2558 3122 2779 3208 aquila

676 3227 860 3315 rupti
903 3226 1168 3291 foederis
1213 3230 1315 3290 est
1358 3225 1835 3313 praenominata
1867 3249 1884 3304 ;
1959 3244 2157 3310 quam
2201 3226 2342 3311 ipse
2405 3226 2545 3290 dux
2598 3226 2781 3290 Hen-
2808 3236 2919 3287 The
2942 3236 3017 3287 ‹li-

677 3331 850 3395 rieus
912 3328 984 3392 in
1050 3326 1396 3413 conjugem
1465 3326 1815 3413 copulavit,
1883 3332 1951 3391 et
2010 3346 2129 3413 per
2188 3348 2331 3391 eam
2406 3327 2781 3393 consulatus
2805 3304 2992 3435 {232⁶

681 3432 1136 3498 Pictavensem
1200 3434 1270 3495 et
1328 3430 1807 3515 Aquitanicum
1824 3430 1847 3463 ²
1890 3427 2167 3492 summis
2219 3428 2578 3494 honoribus
2646 3452 2782 3495 am·
2808 3422 3029 3487 mai-ried

675 3534 922 3622 plistus
987 3532 1290 3619 possedit.
1383 3531 1486 3597 De
1548 3554 1678 3617 qua
1722 3530 1928 3596 etiam
1974 3534 2161 3617 pater
2229 3554 2385 3596 suus
2450 3530 2785 3619 Galfridus
2809 3505 2881 3569 ΒΥ
2902 3502 3095 3567 nem-y.

680 3658 830 3703 eum
874 3632 1299 3721 prohibuerat
1360 3655 1443 3699 ne
1489 3656 1633 3699 eam
1692 3639 2017 3719 tangeret,
2094 3655 2211 3719 pro
2280 3654 2357 3699 eo
2418 3633 2594 3720 quod
2637 3656 2787 3700 cum

597 3778 604 3787 ·
681 3736 1071 3839 senescallus
1115 3734 1287 3821 regis
1345 3734 1642 3801 Franciae
1701 3734 1921 3799 fuerat
1964 3756 2108 3799 eam
2160 3736 2587 3823 cognovisset.
2682 3737 2787 3803 De

685 3862 818 3927 qua
882 3842 1109 3904 tamen
1169 3836 1265 3902 sie
1308 3843 1588 3925 accepta,
1652 3841 1729 3902 ut
1788 3836 2065 3903 inferius
2108 3837 2557 3922 subsequetur,
2618 3838 2787 3903 filios

683 3940 1064 4031 procreavit.
1155 3948 1245 4004 Ea
1277 3954 1474 4003 tamen
1507 3948 1880 4020 desponsatio
1924 3940 2283 4003 incentivum
2320 3949 2620 4019 fomesque
2669 3948 2789 4004 odii

685 4045 930 4101 maximi
953 4042 1067 4098 suit
1085 4048 1144 4098 et
1161 4041 1468 4097 discordioe
1491 4043 1644 4097 inter
1666 4058 1874 4113 regem
1897 4042 2257 4096 Francorum
2280 4047 2341 4097 et
2362 4042 2557 4113 ipsum
2581 4042 2793 4099 ducem

691 4128 1072 4195 Henricum.
1163 4134 1486 4207 Insurgens
1540 4152 1684 4206 ergo
1723 4134 2079 4190 Eustachius
2116 4132 2273 4189 filius
2308 4134 2472 4205 regis
2510 4134 2788 4207 Stephani
2818 4135 3000 4187 Prinee

690 4250 826 4289 cum
848 4231 980 4303 ipso
1013 4246 1157 4301 rege
1193 4228 1551 4285 Francorum
1584 4244 1701 4282 non
1736 4225 1981 4281 modicis
2016 4225 2337 4293 assultibus
2371 4226 2793 4282 Normanniam
2816 4202 3031 4280 EF⁸¹⁸00
3071 4268 3083 4281 ,

691 4314 1124 4387 oppugnabant.
1201 4312 1337 4369 Dux
1382 4317 1579 4367 autem
1626 4310 1896 4381 utrisque
1944 4314 2005 4365 et
2038 4310 2198 4365 omni
2234 4309 2592 4365 Francorum
2629 4328 2788 4365 exer·
2816 4268 3113 4386 §fflggs

694 4408 841 4464 citui
887 4407 1123 4463 robuste
1175 4404 1451 4461 restabat.
1540 4402 1668 4459 Rex
1717 4408 1915 4459 tamen
1974 4391 2031 4456 F
2031 4392 2274 4457 ranciae
2329 4400 2618 4473 quoddam
2670 4420 2792 4459 cas-
2814 4402 3115 4533 1333sz

2117 4564 2242 4571 —.——--

753 4677 777 4729 ,¹
815 4674 1056 4741 strepuit]
1093 4673 1290 4738 irrupit,
1313 4646 1384 4725 H.
1405 4672 1566 4725 liunt.
1741 4675 1752 4733 1
1864 4672 1885 4701 ²
1918 4668 2291 4735 Aquitanicam]
2330 4669 2708 4735 Aquitanicam,
2729 4670 2789 4722 P.

2411 4766 2437 4813 1
2484 4752 2525 4814 2
