3519 5734
795 827 927 892 270
1400 835 1680 884 mons
1725 835 1945 884 ABBAS
1988 837 2298 885 rannus,

790 1012 960 1066 deret
993 1010 1070 1066 ad
1101 1008 1480 1081 tangendum,
1521 1007 1723 1065 omnes
1778 1009 2069 1080 imagines
2118 1008 2343 1064 ibidem
2392 1008 2745 1064 videbantur
2788 1008 2901 1064 im-

791 1101 995 1167 petum
1031 1095 1186 1148 ferre
1220 1095 1284 1148 in
1317 1100 1823 1166 praesumptorem.
1900 1093 2085 1163 Oujus
2120 1094 2212 1147 rei
2245 1093 2527 1164 praescius
2554 1093 2899 1150 Gir-ebertus

793 1197 858 1234 se
894 1177 1182 1234 continuit
1215 1184 1276 1233 et
1309 1178 1594 1233 ambitum
1631 1195 1805 1232 suum
1842 1178 2039 1248 fregit.
2118 1176 2236 1232 Sed
2270 1194 2387 1232 non
2422 1177 2707 1232 abstinuit
2740 1177 2901 1232 cubi-

789 1263 1052 1318 cularius
1087 1262 1217 1332 ejus
1256 1263 1399 1333 quin
1434 1261 1741 1318 cultellum
1776 1277 1980 1316 mensa
2014 1261 2345 1332 appositum
2380 1261 2687 1332 surripuit.
2762 1257 2903 1316 Mox

793 1347 1062 1402 omnibus
1115 1346 1476 1416 imaginibus
1531 1364 1665 1400 cum
1719 1345 1962 1400 fremitu
2010 1345 2472 1415 insurgentibus,
2510 1363 2660 1416 puer
2710 1345 2903 1399 laxato

793 1449 938 1485 arcu
973 1430 1321 1485 arundinem
1355 1430 1419 1484 in
1455 1428 1877 1484 carbunculum
1914 1428 2131 1484 direxit
2164 1437 2226 1483 et
2258 1429 2534 1484 tenebras
2570 1445 2677 1500 per
2712 1435 2901 1484 totum

793 1515 1040 1570 induxit.
1115 1514 1284 1570 Unde
1319 1514 1437 1569 nisi
1470 1513 1573 1568 ille
1608 1513 1837 1567 monitu
1874 1512 2099 1568 domini
2135 1513 2231 1568 sui
2265 1513 2574 1568 cultellum
2598 1513 2905 1583 rejecisset

793 1599 967 1654 ambo
1017 1617 1222 1669 poenas
1273 1598 1680 1653 exsolvissent.
1774 1595 1875 1651 Sic
1929 1597 2088 1651 enim
2141 1597 2366 1668 legitur
2422 1597 2579 1667 quod
2630 1595 2904 1651 Salomon

795 1684 1010 1738 multos
1047 1684 1355 1738 thesauros
1392 1681 1617 1736 defodit
1667 1697 1802 1735 cum
1856 1685 2025 1752 patre
2080 1697 2187 1734 suo
2239 1679 2432 1734 David
2468 1681 2531 1734 in
2566 1688 2803 1744 terram,
2843 1686 2905 1734 et

791 1761 1090 1822 'Hircanus
1126 1766 1245 1820 tria
1276 1764 1470 1819 millia
1503 1765 1728 1820 talenta
1766 1764 1840 1818 de
1876 1765 2006 1835 ipso
2042 1764 2313 1834 sepulcro
2352 1763 2543 1818 David
2580 1765 2803 1818 levavit
2834 1769 2903 1817 ut

793 1851 1161 1906 obsidionem
1207 1849 1572 1904 Ierosolimae
1619 1849 1931 1903 relevaret.
1978 1889 1990 1902 .
2036 1888 2049 1901 .
2094 1889 2108 1901 .
2148 1847 2305 1902 Item
2342 1848 2457 1902 fert
2494 1847 2648 1902 fama
2683 1847 2756 1900 de
2790 1848 2905 1901 isto

793 1934 1082 1990 Gerberto
1119 1933 1276 2004 quod
1311 1940 1486 2004 caput
1523 1932 1636 1986 sibi
1675 1931 1897 1989 fuderit
1948 1931 2104 1986 circa
2140 1930 2403 1986 siderum
2437 1929 2903 2001 inspectionem,²

798 2018 954 2087 quod
977 2035 1092 2072 non
1123 2017 1240 2072 nisi
1263 2017 1692 2087 interrogatum
1716 2016 2065 2085 loqueretur
2090 2021 2151 2070 et
2173 2032 2399 2068 verum.
2462 2013 2629 2082 Quod
2666 2014 2905 2084 quidem

793 2109 974 2172 caput
1009 2102 1200 2157 eidem
1239 2099 1549 2156 Gireberto
1597 2099 2018 2171 praenuntiavit
2054 2099 2212 2170 quod
2247 2100 2400 2153 foret
2443 2116 2612 2170 papa,
2654 2105 2714 2153 et
2749 2099 2905 2168 quod

747 2207 764 2221 ·
795 2204 912 2241 non
945 2191 1273 2240 moreretur
1310 2185 1492 2240 donec
1541 2184 1897 2240 celebrasset
1945 2183 2189 2237 missam
2240 2183 2303 2236 in
2338 2183 2699 2236 Ierosolima.
2777 2182 2903 2251 Quo

795 2270 923 2340 ipse
961 2269 1220 2340 gavisus,
1259 2267 1430 2323 valde
1481 2285 1722 2340 sperans
1776 2285 1839 2321 se
1891 2266 2067 2337 longe
2111 2284 2241 2321 esse
2292 2284 2327 2320 a
2368 2267 2499 2331 fine,
2542 2267 2696 2322 sicut
2728 2267 2905 2338 longe

796 2355 912 2409 fuit
945 2372 982 2408 a
1017 2354 1314 2410 voluntate
1348 2352 1843 2424 peregrinationis
1878 2352 1941 2405 in
1976 2350 2323 2406 Ierosolima
2355 2351 2515 2405 ultra
2550 2369 2711 2405 mare
2728 2374 2751 2417 ·,
2794 2369 2903 2406 nec

795 2444 994 2492 tamen
1043 2436 1358 2509 perpendit
1400 2437 1528 2507 ipse
1581 2435 1739 2507 quod
1799 2439 1956 2490 esset
2014 2435 2077 2488 in
2138 2435 2327 2489 Roma
2384 2435 2637 2490 ecclesia
2694 2442 2903 2491 vocata

795 2521 1160 2585 Ierosolima,
1200 2519 1304 2574 ubi
1338 2538 1492 2591 papa
1527 2525 1724 2575 cantat
1759 2520 2004 2574 missam
2026 2519 2216 2574 tribus
2254 2518 2561 2574 dominicis
2600 2519 2803 2575 diebus
2838 2520 2903 2574 in

795 2629 947 2668 anno
983 2612 1212 2683 quando
1249 2612 1398 2666 fiunt
1433 2612 1730 2667 stationes.
1810 2603 1904 2667 Et
1956 2591 2103 2666 cuni
2152 2602 2427 2667 sedisset
2480 2625 2649 2689 papa
2710 2605 2902 2668 annis

799 2707 859 2781 4,
892 2704 1223 2768 mensibus
1271 2706 1328 2783 2,
1375 2713 1440 2766 in
1476 2711 1606 2781 ipsa
1641 2712 1907 2776 ecclesia,
1949 2712 2045 2766 die
2084 2711 2335 2782 quadam
2386 2713 2623 2768 illarum
2659 2712 2905 2768 domini-

795 2821 1018 2869 carum,
1059 2803 1199 2857 dum
1237 2821 1300 2858 se
1334 2807 1571 2875 pararet
1606 2801 1681 2856 ad
1715 2805 1977 2869 missam,
2018 2805 2080 2860 vi
2131 2804 2537 2860 invalitudinis
2585 2824 2902 2877 percussus

799 2888 1097 2942 decubuit.
1173 2886 1456 2941 Consulta
1493 2892 1687 2941 statua
1741 2908 1849 2943 sua
1886 2888 2287 2959 deceptionem
2338 2902 2398 2945 et
2449 2896 2700 2945 mortem
2737 2910 2904 2946 suam

797 2981 1173 3049 recognovit3
1250 2974 1320 3033 et
1368 2970 1598 3034 audito
1644 2974 1929 3058 strepitu
1990 2972 2385 3051 daemonum,
2434 2974 2564 3038 sibi
2612 2976 2903 3041 sentiens

797 3076 1078 3135 mortem
1118 3072 1357 3151 adesse,
1389 3072 1546 3137 licet
1581 3074 2118 3140 sceleratissimus
2164 3082 2333 3140 esset
2381 3076 2461 3140 de
2495 3074 2621 3140 Dei
2651 3078 2902 3142 miseri-

793 3173 1018 3239 cordia
1063 3196 1200 3239 non
1249 3174 1642 3262 desperavit.
1733 3186 2052 3241 Advocatis
2103 3186 2291 3256 igitur
2342 3186 2736 3243 cardinalibus
2798 3203 2907 3244 sua

797 3276 1058 3332 facinora
1081 3278 1372 3333 fatebatur
1408 3283 1470 3332 et
1505 3278 1759 3331 deflevit.
1819 3276 1989 3331 Unde
2013 3278 2179 3331 velut
2202 3278 2495 3333 insaniens
2529 3297 2654 3350 proe
2691 3282 2905 3335 contri-

797 3359 955 3415 tione
991 3362 1366 3416 membratim
1391 3380 1455 3417 se
1481 3362 1622 3416 fecit
1657 3360 1913 3431 discerpi
1950 3366 2011 3416 et
2046 3361 2202 3416 foras
2238 3362 2466 3432 projici.
2547 3366 2584 3389 “
2606 3363 2901 3429 Habeat,”

797 3443 1008 3513 inquit,
1054 3447 1090 3470 “
1117 3445 1516 3498 membrorum
1551 3444 1809 3500 officium
1846 3444 1948 3514 qui
1984 3462 2187 3499 eorum
2226 3445 2499 3515 quaesivit
2530 3446 2896 3518 homagium.

802 3524 1092 3611 Spiritus
1169 3526 1373 3593 vadat
1436 3528 1523 3591 ad
1593 3527 1811 3592 Deum
1878 3529 1993 3614 qui
2057 3530 2307 3594 creavit
2372 3528 2614 3593 illum.”
2736 3540 2901 3595 Tunc
2928 3556 2980 3608 J,
3003 3558 3233 3623 Brompt.

789 3628 978 3697 jussit
1011 3644 1222 3699 corpus
1275 3647 1450 3683 suum
1499 3634 1772 3683 truncum
1823 3636 2121 3684 mortuum
2173 3648 2350 3702 super
2397 3631 2600 3701 bigam
2634 3632 2793 3703 poni,
2835 3648 2902 3686 ac
2926 3624 3023 3673 001·
3050 3630 3165 3675 882.

798 3712 1132 3781 ubicunque
1169 3712 1444 3767 animalia
1466 3712 1750 3767 ducerent
1786 3719 1846 3767 et
1882 3714 2271 3768 subsisterent,
2304 3713 2388 3767 ibi
2425 3714 2682 3785 sepeliri.
2736 3714 2905 3783 Quod

799 3808 862 3858 et
896 3804 1120 3857 factum
1157 3808 1264 3857 est.
1340 3795 1520 3859 Nam
1566 3796 1653 3885 ad
1703 3796 2211 3861 Latet-anensem
2270 3798 2603 3863 ecclesiam
2664 3799 2905 3864 substi-
2928 3804 3062 3854 Ibid-

799 3900 1044 3972 terunt,
1074 3895 1194 3959 ubi
1235 3901 1304 3960 et
1347 3898 1486 3982 ipse
1531 3898 1831 3983 sepultus
1880 3905 1995 3963 est.
2090 3896 2231 3962 Ubi
2276 3900 2348 3962 in
2392 3900 2654 3985 signum
2684 3902 2901 3965 veniae

797 4004 1165 4065 consecutae
1249 3999 1618 4087 sepulcrum
1681 4000 1902 4087 ipsius,
1956 4006 2098 4066 tam
2158 4023 2244 4065 ex
2303 4002 2599 4067 tumultu
2659 4004 2903 4069 ossium

799 4106 1262 4167 contentorum
1323 4124 1522 4187 quam
1582 4124 1668 4166 ex
1732 4103 1973 4171 sudore
2040 4104 2441 4191 sarcophagi,
2512 4107 2903 4192 praesagium

802 4206 1120 4291 accipitur
1176 4225 1364 4291 papae
1423 4204 1558 4269 cito
1617 4206 1938 4284 morituri,
1990 4206 2163 4272 sicut
2214 4207 2287 4270 in
2330 4208 2557 4273 eodem
2610 4210 2905 4295 sepulcro

801 4312 905 4371 est
951 4307 1190 4371 litteris
1236 4311 1593 4371 exaratum.

1038 4546 1052 4575 ¹
1089 4544 1225 4593 circa
1261 4582 1274 4595 .
1309 4584 1321 4597 .
1356 4582 1371 4596 .
1409 4546 1771 4612 inspectivum]
1812 4553 1949 4597 certa
1982 4585 1993 4595 .
2028 4580 2047 4597 .
2083 4580 2097 4595 .
2136 4545 2463 4611 inspectione,
2487 4547 2572 4598 W.
2588 4547 2664 4598 M.
