3519 5734
1110 875 1534 930 Ammona
1573 873 1791 928 sssAs
1833 875 2168 938 omarus
2558 863 2689 934 327

596 1051 755 1136 quia
828 1053 1078 1120 dictum
1152 1053 1216 1121 ei
1288 1053 1420 1122 fuit
1491 1056 1667 1142 quod
1744 1055 2083 1122 Galfridus
2170 1053 2689 1140 archiepiscopus
2712 1063 2849 1114 ΑΒ.
2880 1069 3003 1115 1197

595 1153 1041 1236 Eboracensis,
1087 1157 1202 1244 qui
1263 1157 1468 1223 etiam
1526 1157 1732 1226 irater
1772 1159 1906 1223 fuit
1949 1157 2111 1222 dicti
2153 1157 2328 1243 regis
2372 1177 2457 1222 ex
2501 1161 2689 1243 parte
2712 1137 2893 1182 ‘¹²¹⁰‘

592 1255 822 1342 patris,
869 1259 1134 1346 quando
1197 1255 1558 1326 exulabat¹
1609 1283 1652 1326 a
1709 1261 1861 1327 sede
1923 1259 2203 1348 propria,
2250 1259 2423 1324 sicut
2466 1281 2690 1324 omnes
2712 1267 2745 1317 f.
2771 1273 2835 1318 36
2859 1268 2903 1319 b.

592 1359 882 1448 episcopi
925 1361 1190 1450 Angliae
1252 1368 1492 1450 praeter
1552 1363 1622 1428 N
1623 1364 2047 1430 orwicensem
2094 1363 2209 1449 qui
2272 1361 2405 1428 fuit
2471 1362 2692 1428 fautor

591 1463 778 1550 regis,
825 1484 944 1550 per
986 1464 1238 1530 dictum
1297 1466 1604 1532 abbatem
1647 1471 1954 1533 nostrum
1998 1465 2356 1532 transitum
2400 1463 2573 1544 fecit,
2620 1469 2689 1530 et

591 1566 769 1651 quod
830 1567 1038 1655 ipsius
1103 1568 1370 1634 abbatis
1442 1569 1713 1636 consilio
1780 1575 2005 1636 actum
2060 1553 2197 1633 'fuit
2273 1567 2448 1654 quod
2524 1567 2681 1632 dicti

590 1669 873 1757 episcopi
939 1675 1169 1737 contra
1232 1672 1453 1760 ipsum
1510 1694 1731 1760 regem
1776 1673 1955 1761 apud
1998 1672 2217 1738 sedem
2260 1669 2686 1757 apostolicam

591 1773 924 1858 querelam
1007 1775 1452 1862 deposuerunt
1479 1800 1497 1857 ;
1585 1777 1767 1842 unde
1844 1780 1912 1842 et
1988 1774 2337 1868 Angliam-
2380 1771 2690 1838 interdici

589 1873 902 1943 fecerunt.
1013 1876 1292 1964 Propter
1357 1878 1498 1945 haec
1565 1883 1635 1944 et
1695 1878 2092 1965 hujusmodi,
2138 1877 2297 1964 quia
2360 1875 2690 1942 exactioni
2714 1885 2796 1936 He
2820 1885 2969 1966 offers

589 1977 790 2065 regiae
853 1979 1037 2045 nullo
1100 1981 1297 2046 modo
1363 1981 1732 2048 consentire
1750 1980 1781 2018 ²
1823 1981 2057 2061 voluit,
2127 1981 2351 2046 cedere
2419 1979 2688 2044 censuit.
2713 1959 2766 2002 ω
2788 1967 2970 2019 ΜΨ·

589 2081 730 2146 Alii
773 2086 999 2148 tamen
1041 2083 1316 2150 abbates
1360 2090 1431 2150 et
1474 2085 1750 2173 praelati,
1782 2107 1899 2172 pro
1944 2083 2227 2149 instanti
2248 2083 2558 2170 ‚periculo
2603 2083 2688 2146 ad

589 2184 763 2272 regis
825 2186 1072 2251 curiam
1133 2185 1544 2268 festinantes,
1610 2189 1829 2276 ipsum
1890 2187 2336 2253 hortabantur
2396 2190 2476 2250 ut
2538 2207 2688 2251 cum

589 2307 738 2376 rege
803 2309 1030 2376 pacem
1091 2290 1310 2357 iniret.
1403 2290 1537 2357 Sed
1599 2291 1756 2378 ipse,
1804 2291 1961 2376 quia
2020 2289 2483 2376 magnanimus
2528 2294 2686 2367 erat,

589 2390 661 2455 id
728 2390 938 2458 facere
1004 2395 1350 2460 recusavit.
1442 2393 1574 2458 Sed
1620 2398 1848 2459 tamen
1895 2399 2125 2481 postea
2167 2413 2395 2458 versus
2442 2391 2692 2457 curiam

589 2498 739 2580 post
803 2495 980 2582 ipsos
1042 2497 1171 2561 iter
1233 2517 1563 2563 morosum
1629 2497 1970 2584 arripiens,
2014 2497 2291 2562 invento
2336 2495 2410 2560 in
2452 2495 2691 2559 itinere

589 2596 858 2663 domino
925 2598 1166 2664 abbate
1235 2599 1318 2664 de
1365 2598 1694 2664 Fontibus
1756 2621 1909 2664 cum
1976 2598 2230 2666 caeteris
2298 2598 2692 2685 quibusdam

523 2721 528 2731 ·
589 2699 674 2764 de
741 2701 922 2766 curia
986 2701 1434 2782 redeuntibus,
1482 2723 1635 2768 eum
1700 2723 1898 2789 super
1956 2703 2243 2768 cessione
2288 2723 2407 2766 sua
2452 2701 2693 2766 admit-

589 2802 794 2869 tenda
836 2803 1014 2893 apud
1059 2803 1490 2871 Woburniam
1542 2803 1887 2873 humiliter
1952 2806 2313 2893 requisivit.
2408 2804 2693 2871 Dicebat

591 2906 790 2987 enim,
838 2908 1148 2995 quicquid
1210 2908 1326 2973 alii
1392 2909 1694 2988 facerent,
1740 2932 1809 2975 se
1871 2910 2069 2997 regiae
2130 2909 2462 2975 exactioni
2506 2909 2690 2973 nullo

589 3009 785 3075 modo
830 3010 1002 3076 velle
1032 3013 1416 3078 consentire.
1489 3012 1688 3078 Pater
1719 3034 1879 3078 vero
1910 3013 2133 3092 abbaS,
2165 3013 2400 3079 videns
2445 3012 2695 3077 desola-
2715 3032 2769 3081 Is
2789 3032 2982 3083 dissua-

587 3112 838 3179 tionem
861 3112 888 3151 ⁸
933 3118 1002 3178 et
1045 3112 1340 3180 indebite
1369 3115 1652 3201 petitam
1683 3116 2057 3197 cessionem,
2089 3121 2283 3181 extra
2327 3116 2692 3203 capitulum
2716 3100 2903 3215 (1ζῇξῖ
2919 3102 3011 3215 {¹¹²

587 3216 647 3281 ei
691 3216 1076 3283 nullatenus
1120 3240 1412 3285 annuere
1455 3218 1689 3296 voluit,
1739 3220 1855 3285 sed
1914 3218 2261 3286 affectione
2304 3224 2584 3307 paterna
2626 3224 2695 3285 et
2714 3181 3012 3287 {ountgina

588 3324 840 3407 quanta
881 3321 1103 3408 potuit
1145 3320 1523 3387 humilitate
1567 3327 1638 3388 et
1681 3322 2031 3409 diligentia
2060 3344 2212 3389 eum
2243 3322 2652 3389 commonuit
2667 3322 2693 3359 ⁴

589 3428 668 3488 ut
710 3422 926 3489 locum
968 3445 1162 3489 suum
1190 3446 1327 3491 non
1372 3424 1716 3505 desereret,
1751 3425 1868 3490 sed
1898 3426 2055 3491 filiis
2100 3426 2237 3491 suis
2266 3449 2428 3513 quos
2458 3425 2691 3493 hucus-

589 3547 717 3611 que
762 3525 1124 3613 diligenter
1165 3534 1430 3594 rexerat
1474 3528 1545 3593 in
1605 3527 1990 3595 imminenti
2032 3530 2421 3595 necessitate
2465 3551 2694 3616 pacem

587 3639 982 3714 procuraret,
1047 3634 1275 3709 staret,
1321 3636 1391 3696 et
1458 3652 1526 3696 se
1593 3654 1716 3719 pro
1780 3632 1915 3696 suis
1980 3652 2247 3699 murum
2314 3639 2687 3721 opponeret,

588 3731 762 3796 sicut
823 3732 1148 3819 prosperis
1213 3734 1312 3797 ita
1375 3733 1669 3799 adversis
1715 3735 2246 3801 communicaret.
2336 3736 2693 3802 Pacifican-

587 3832 772 3899 tibus
817 3854 971 3921 ergo
1015 3834 1163 3899 aliis
1191 3856 1414 3921 regem
1444 3836 1560 3922 qui
1588 3836 1791 3901 simili
1821 3838 2217 3904 contritione
2246 3838 2687 3919 vexabantur,

587 3936 744 4022 ipse,
787 3937 862 4001 in
923 3958 1043 4001 sua
1109 3938 1438 4003 sententia
1500 3939 1879 4025 perdurans,
1929 3944 1999 4006 et
2066 3941 2409 4007 consilium
2477 3943 2689 4029 patris

589 4038 850 4105 abbatis
911 4044 981 4104 et
1037 4040 1318 4106 aliorum
1375 4040 1768 4107 coabbatum
1836 4043 2105 4108 omnino
2151 4043 2464 4121 refutanS,
2513 4044 2687 4108 solus

585 4147 738 4228 post
781 4146 1051 4209 caeteros
1095 4143 1496 4211 remanebat.
1591 4144 1885 4212 Consilio
1944 4151 2170 4211 tamen
2215 4146 2381 4211 dicti
2427 4145 2687 4211 abbatis

588 4244 670 4311 de
715 4244 1041 4313 Fontibus
1087 4252 1311 4314 actum
1354 4253 1472 4328 est,
1519 4250 1696 4334 quod
1739 4248 1918 4315 idem
1964 4249 2169 4314 abbas
2212 4254 2437 4315 noster
2481 4250 2685 4315 Alex-

588 4348 792 4415 ander
820 4350 1177 4418 Willielmo
1222 4352 1540 4417 monacho
1583 4356 1746 4418 tunc
1791 4352 2125 4419 cellerario
2170 4340 2397 4418 nostro
2428 4352 2685 4419 litteras
2727 4408 2741 4429 ,

589 4474 740 4518 suas
785 4453 1173 4534 transmisit,
1221 4459 1292 4521 et
1349 4455 1666 4543 praecepit
1707 4460 1789 4521 ut
1847 4456 1934 4521 ad
1992 4456 2243 4521 curiam
2286 4456 2457 4543 regis
2501 4456 2683 4523 festi-

658 4670 672 4702 ¹
707 4668 962 4739 erulabat]
999 4672 1278 4737 exsulabat,
1305 4673 1423 4725 MS.
1742 4676 1764 4705 ⁸
1794 4672 2155 4741 desolationem]
2206 4675 2558 4726 contritionem
2598 4692 2673 4727 su·

1673 4769 1767 4819 per
1788 4754 2109 4817 contritione,
2130 4756 2194 4806 P.

655 4834 680 4864 ²
707 4834 992 4899 consentire]
1032 4833 1334 4899 satisfacere,
1354 4834 1414 4885 P.
1623 4855 1632 4901 l
1741 4834 1758 4863 ⁴
1781 4835 2086 4901 communie]
2106 4850 2425 4905 commonens
2449 4838 2503 4887 in
2526 4836 2679 4890 MSSz
