3519 5734
1366 830 1566 882 ADAM
1610 831 1827 883 Asms
1872 835 2144 884 ramus.
2677 823 2799 885 111

714 1140 916 1212 'CAR
965 1143 1151 1213 XVI.
1212 1147 1314 1214 Dc
1357 1147 1666 1234 Euye‘nio
1702 1169 1901 1235 papa
1969 1144 2181 1225 tertio,
2242 1146 2535 1234 Huqonc
2578 1153 2636 1214 et
2678 1145 2807 1214 Ri-

889 1247 1092 1314 cardo
1159 1249 1240 1316 dc
1299 1250 1544 1318 Sancto
1599 1249 1879 1329 Victore,
1930 1247 2271 1318 Gratiano
2334 1248 2681 1326 monacho,
2748 1254 2809 1316 et

888 1350 1090 1417 Petro
1133 1351 1526 1418 LombardO.

376 1517 632 1588 thipps
800 1511 1126 1582 Praefatus
1189 1515 1456 1603 quidem
1521 1515 1863 1604 Eugenius
1912 1518 2030 1598 3¹²³,
2092 1516 2392 1604 pontifex
2453 1477 2807 1594 Romanus,
2830 1476 3144 1589 mulus-

372 1585 489 1641 m
515 1593 660 1640 ⁶⁴⁷⁸·
709 1616 982 1683 natione
1027 1617 1330 1698 Pisanus,
1381 1617 1594 1704 primo
1657 1617 1790 1684 fuit
1854 1619 2215 1684 monachus
2262 1617 2801 1697 claraevallensis,
2833 1605 2978 1652 ¹¹⁵³·

710 1715 947 1784 deinde
1013 1719 1218 1786 abbas
1281 1719 1512 1784 Sancti
1577 1720 1982 1800 Anasthasii,
2050 1726 2121 1790 et
2186 1742 2269 1785 ex
2334 1719 2669 1806 insperato
2733 1719 2806 1785 in
2830 1684 3135 1816 &gasan-1.

373 1822 584 1942 mni
707 1840 948 1906 papam
1010 1843 1054 1886 a
1113 1821 1556 1888 cardinalibus
1617 1827 1719 1888 est
1782 1823 2041 1890 electus.
2155 1823 2248 1888 Et
2312 1844 2459 1888 cum
2525 1821 2807 1909 simplex

376 1953 562 2009 chron.
709 1929 867 1988 ante
912 1922 1150 2004 fuerat,
1199 1924 1380 1990 Deus
1447 1946 1598 1990 eum
1667 1924 1959 1992 mirabili
2022 1923 2241 2012 gratia
2299 1929 2369 1990 et
2430 1923 2807 2010 eloquentia

707 2025 1160 2111 pertundebat.
1281 2027 1414 2094 Sed
1503 2031 1772 2116 propter
1860 2031 2112 2094 metum
2200 2031 2600 2108 senatorum,
2688 2027 2806 2113 qui

709 2132 936 2194 eontra
996 2129 1413 2195 voluntatem
1475 2129 1661 2196 Lucii
1723 2131 1765 2194 2
1811 2129 2300 2216 praedecessoris
2372 2130 2476 2195 sui
2537 2128 2807 2194 fuerant

709 2227 898 2294 electi
957 2252 999 2295 a
1063 2230 1325 2318 popu10,
1388 2231 1474 2296 ad
1538 2230 1857 2296 Farsense
1925 2231 2395 2297 monasterium
2460 2252 2530 2296 se
2594 2236 2807 2295 trans-

705 2329 974 2398 ferebat.
1068 2333 1303 2420 Ibique
1333 2333 1584 2399 vocatis
1627 2332 2071 2399 cardinalibus
2101 2338 2171 2399 et
2215 2332 2523 2419 praelatis,
2554 2353 2797 2400 munus

709 2435 1217 2501 consecrationis
1261 2435 1528 2522 accepit.
1620 2434 1750 2500 Cui
1796 2435 1883 2499 ad
1928 2433 2163 2500 urbem
2228 2433 2532 2499 redeunti
2594 2432 2805 2498 clerus

710 2540 780 2601 et
843 2537 1126 2624 populus
1187 2538 1524 2603 Romanus
1591 2559 1742 2603 cum
1806 2558 2045 2624 magna
2106 2535 2347 2604 laetitia
2408 2535 2805 2614 occurrebat,

612 2700 620 2709 .
711 2643 1000 2718 cantans,
1065 2646 1104 2676 “
1129 2638 1527 2706 Benedictus
1587 2640 1702 2727 qui
1770 2640 1958 2706 venit
2020 2640 2094 2709 in
2154 2638 2421 2705 nomine
2483 2637 2804 2704 Domini.”

712 2737 848 2814 Hic
889 2741 1094 2808 etiam
1139 2763 1310 2828 papa
1353 2764 1395 2806 a
1439 2762 1592 2827 rege
1638 2741 1989 2806 Lodowico
2035 2741 2109 2806 in
2138 2740 2489 2806 Franciam
2517 2744 2806 2819 vocatus,

683 2863 862 2907 -cum
907 2849 978 2909 et
1021 2844 1240 2931 ipsum
1269 2842 1712 2911 transmarina
1739 2865 1929 2911 cruce
1972 2844 2301 2931 signasset
2346 2847 2414 2911 et
2458 2842 2804 2911 concilium

713 2939 939 3011 Remis
983 2946 1389 3027 celebrasset,
1436 2946 1638 3012 rediit
1679 2947 1769 3011 ad
1813 2947 2041 3012 urbem
2072 2972 2089 3027 3
2155 2946 2379 3033 ibique
2422 2946 2497 3011 in
2541 2945 2808 3011 ecclesia
2831 2954 2865 3005 f.
2891 2960 2938 3007 s.

711 3044 940 3113 Sancti
987 3047 1168 3113 Petri
1205 3054 1314 3114 est
1357 3047 1668 3136 sepultus.
1784 3047 1975 3114 Sedit
2018 3048 2213 3118 annis
2258 3052 2317 3127 8,
2366 3048 2703 3113 mensibus
2746 3049 2807 3125 4,

371 3168 666 3237 RHigden
710 3152 780 3214 et
839 3148 1074 3216 diebus
1119 3154 1221 3216 20.
1315 3148 1541 3237 Hujus
1587 3157 1815 3217 autem
1861 3156 2181 3238 tempore,
2224 3159 2407 3231 Hugo
2461 3158 2534 3213 de
2596 3156 2807 3213 Sancto
2832 3155 2887 3205 H
2954 3156 3075 3207 hof

297 3254 306 3263 ’
371 3235 468 3290 ⁰⁰¹·
491 3242 638 3291 2388.
669 3208 684 3235 ’
709 3248 967 3318 Victore,
1024 3253 1344 3311 monachus
1381 3258 1443 3308 et
1486 3252 1650 3325 prior
1704 3252 1906 3309 Sancti
1954 3253 2218 3309 Victoris
2264 3251 2435 3323 juxta
2487 3249 2803 3313 Pax-isium,
2834 3222 2905 3273 St·
2972 3222 3119 3275 5⁰⁰⁰*

708 3333 926 3391 litteris
983 3342 1045 3392 et
1091 3336 1383 3409 religione
1421 3352 1705 3402 summus,
1747 3342 1839 3392 est
1892 3334 2250 3391 defunctus.²
2319 3332 2409 3389 De
2446 3350 2562 3405 quo
2596 3332 2803 3398 fertur,

710 3418 883 3489 quod,
937 3437 1073 3475 cum
1133 3425 1396 3475 extrema
1455 3418 1795 3475 infirmitate
1854 3418 2148 3475 laboraret
2206 3424 2268 3474 et
2322 3416 2552 3471 nullum
2611 3414 2807 3471 cibum

707 3506 908 3573 posset
942 3503 1216 3568 retinere,
1257 3521 1467 3575 corpus
1519 3509 1714 3558 tamen
1751 3502 2124 3559 Dominicum
2175 3501 2290 3558 sibi
2342 3500 2470 3556 dari
2523 3500 2808 3555 instanter

708 3587 1048 3656 postulavit.
1125 3586 1364 3642 Fratres
1422 3604 1581 3652 vero,
1623 3588 1751 3659 ejus
1812 3586 2204 3642 turbationem
2263 3584 2465 3641 sedare
2522 3583 2804 3648 volentes,

711 3667 1038 3741 simplicem
1072 3670 1327 3725 hostiam
1341 3668 1363 3702 ³
1397 3688 1514 3725 non
1549 3676 1946 3726 consecratam
1983 3670 2039 3725 ei
2075 3668 2428 3725 obtulerunt.
2502 3666 2669 3736 Quod
2704 3666 2807 3722 ille

709 3750 773 3806 in
808 3753 1022 3825 spiritu
1056 3771 1498 3825 recognoscens,
1538 3754 1638 3820 ait,
1671 3758 1709 3781 “
1728 3754 1890 3809 Deus
1926 3753 2277 3809 misereatur
2310 3752 2514 3817 vestri,
2554 3752 2803 3817 fratres3

713 3838 754 3863 ‘⁶
791 3854 897 3891 cur
932 3837 1080 3893 mihi
1127 3838 1379 3893 illudere
1413 3836 1732 3893 voluistis?
1804 3836 1928 3893 Iste
1964 3856 2081 3892 non
2112 3843 2224 3893 ‘est
2258 3837 2545 3892 Dominus
2582 3834 2807 3891 meus-’⁹

707 3918 847 3976 Mox
881 3919 974 3976 illi
1009 3922 1424 3977 eucharistiam
1460 3926 1859 3977 consecratam
1895 3922 2237 3977 attulerunt.
2313 3920 2498 3989 Quam
2516 3920 2538 3951 ⁴
2573 3919 2675 3974 ille
2721 3920 2807 3973 vi-

707 4006 852 4062 dens
889 4006 994 4062 sed
1029 4006 1283 4062 retinere
1317 4024 1433 4061 non
1466 4005 1690 4070 valens,
1731 4005 1943 4061 erectis
1979 4005 2269 4070 manibus,
2322 4005 2422 4069 ait,
2456 4008 2492 4031 “
2512 4002 2810 4059 Ascendat

657 4145 670 4159 ‚
711 4092 750 4119 ‘⁸
787 4088 980 4145 Filius
1017 4089 1092 4145 ad
1128 4090 1387 4155 Patrem,
1428 4092 1488 4144 et
1523 4088 1753 4144 Filius⁵
1791 4088 1867 4144 ad
1902 4106 2037 4144 eum
2074 4089 2178 4161 qui
2211 4086 2411 4143 misit⁶
2444 4087 2615 4142 illum
2635 4108 2651 4153 3
2671 4086 2706 4110 '’
2746 4093 2809 4142 et

679 4170 690 4181 ⁹
709 4170 1014 4239 inter⁶haec
1036 4181 1219 4237 verba
1261 4180 1539 4254 spiritum
1563 4181 1903 4247 exhalavit,''
1941 4187 2002 4237 et
2041 4198 2253 4253 corpus
2289 4180 2527 4236 Domini
2558 4171 2803 4237 ibidem

709 4275 1017 4348 disparuit.
1091 4274 1319 4331 Volunt
1341 4280 1539 4331 tamen
1562 4274 1682 4341 alii,
1713 4274 1869 4346 quod
1898 4316 1911 4329 .
1956 4316 1968 4330 .
1998 4274 2110 4330 iste
2135 4274 2317 4345 Hugo
2340 4278 2579 4357 propper
2594 4271 2804 4345 jugem

775 4486 790 4519 ¹
825 4486 1036 4538 Printed
1057 4486 1188 4537 from
1203 4486 1290 4538 the
1304 4484 1552 4551 Phimpps
1567 4485 1682 4537 MS.
1870 4486 1891 4515 ⁸
1922 4483 2113 4551 Filius]
2154 4483 2382 4549 Spiritus,
2404 4482 2466 4534 R.
2492 4484 2561 4537 Η.

774 4567 796 4597 ²
826 4572 898 4616 est
917 4564 1198 4632 defunc-tm]
1237 4566 1377 4626 obiit,
1399 4566 1462 4615 R.
1487 4566 1554 4615 H.
1871 4564 1891 4594 ⁸
1923 4563 2077 4628 misit]
2116 4563 2320 4625 creavit,
2341 4563 2403 4615 R.
2426 4562 2495 4613 H.

774 4645 794 4675 ⁸
827 4642 1056 4711 Ῑιωείαηι]
1093 4645 1333 4707 oblatum,
1353 4644 1418 4695 R.
1437 4644 1504 4693 H.
1874 4644 1892 4672 '
1927 4643 2051 4693 inter
2071 4679 2085 4694 .
2121 4678 2135 4693 .
2171 4680 2184 4693 .
2210 4640 2484 4709 exhalavit]
2523 4641 2690 4693 statim
2714 4657 2803 4693 ex·

775 4723 796 4753 ⁸
835 4720 1025 4790 Quam]
1063 4722 1211 4788 Quod
1231 4723 1286 4773 in
1309 4722 1423 4774 MS.
1806 4720 2033 4785 spiravit,
2055 4720 2191 4772 RH.
