3519 5734
865 918 997 985 368
1510 930 1709 980 που
1750 928 1967 979 ABBAS
2011 928 2332 990 Qumrus

526 1111 823 1164 A.D.1210
860 1102 1045 1169 aliud
1088 1105 1545 1169 tenementum
1586 1102 1768 1189 quod
1804 1100 2173 1168 willelmus
2213 1100 2392 1167 filius
2435 1098 2622 1168 Petri
2663 1100 2748 1167 de
2785 1099 2956 1166 Ald-

522 1184 711 1230 -1220,

524 1258 560 1308 fi
584 1264 667 1311 42.

534 2496 833 2549 Watlmnd.

532 2576 745 2626 Annua!

535 2642 770 2706 pittanae.

860 1204 1117 1293 burghe
1159 1204 1437 1271 tenebat
1481 1203 1568 1270 de
1600 1226 1680 1271 eo
1708 1204 1784 1269 in
1827 1204 2062 1271 eadem
2103 1202 2283 1271 villa.
2397 1202 2549 1285 Qui,
2595 1204 2954 1269 secundm
3045 1203 3053 1213 '

860 1308 1431 1375 confirmationem
1472 1328 1674 1395 quam
1718 1306 1916 1373 nobis
1955 1306 2142 1393 prius
2183 1305 2483 1385 faciebat,
2515 1304 2868 1393 praedictas
2911 1310 2954 1369 4

862 1412 1143 1478 bovatas
1186 1432 1337 1476 cum
1382 1409 1812 1499 pertinentiis
1853 1410 1940 1475 de
1983 1408 2297 1475 omnibus
2359 1407 2654 1475 servitiis
2695 1408 2960 1494 aequie-

862 1520 1011 1581 tare
1070 1511 1378 1579 debebat.
1468 1510 1639 1593 Quae
1704 1516 1934 1577 tamen
1977 1514 2024 1576 4
2069 1510 2331 1577 bovatae
2393 1514 2626 1599 postes
2687 1509 2959 1576 fuerunt

862 1618 1209 1699 alienatae3
1266 1614 1441 1683 sicut
1480 1614 1557 1679 in
1598 1620 1900 1703 tempore
1945 1612 2294 1681 Michaelis
2333 1613 2598 1681 abbatis
2641 1616 2686 1678 8
2731 1618 2962 1701 postea

864 1720 1199 1788 referetur.

867 2021 985 2089 VI.
1028 2022 1133 2091 De
1190 2022 1585 2110 &nceptiom
1630 2022 1952 2109 yrmtyioe
1999 2020 2084 2089 de
2126 2019 2549 2103 Wathstmd5
2592 2022 2676 2089 de
2719 2042 2964 2089 escam-

1046 2124 1157 2191 bio
1199 2132 1549 2193 terraram
1591 2124 2098 2211 deEryhmna;
2143 2131 2206 2191 et
2249 2124 2334 2191 de
2377 2124 2966 2213 tem-isaoquatsitie

1043 2225 1319 2396 {ffl,
1370 2233 1433 2294 et
1475 2226 1566 2295 ‘in
1622 2224 1953 2314 Befowh?
1999 2226 2425 2314 Drynyhowe
2481 2234 2542 2295 et
2610 2225 2966 2313 Walkmzq-

956 2501 1298 2568 Robertus
1340 2500 1520 2567 filius
1565 2500 1838 2567 Ricardi
1882 2501 1966 2567 de
1995 2500 2370 2567 Wathsand
2413 2500 2602 2572 dedit
2645 2500 2854 2579 nobie,
2881 2500 2970 2567 ad
3063 2546 3070 2553 -

866 2603 1229 2691 pitanciam
1274 2603 1634 2671 conventui
1679 2608 1912 2670 nostro
1956 2602 2342 2683 faciendam,
2387 2604 2504 2672 xii.
2533 2603 2856 2681 denarios,
2886 2602 2970 2669 de

868 2728 939 2773 se
982 2712 1054 2773 et
1094 2705 1444 2773 heredibus
1506 2706 1646 2772 suis
1690 2707 1779 2771 ad
1825 2705 2068 2772 festum
2137 2705 2366 2771 Sancti
2430 2706 2709 2773 Martini
2777 2706 2968 2771 nobis

868 2809 1218 2875 annuatim
1264 2806 1752 2896 persolvendos,
1787 2804 1996 2874 donec
2039 2808 2180 2896 ipse
2225 2807 2334 2875 vel
2377 2806 2648 2875 heredes
2691 2808 2794 2874 sui
2823 2828 2972 2896 pro-

872 2909 1225 2978 viderent³
1270 2912 1462 2978 nobis
1506 2911 1579 2976 in
1625 2911 1854 2998 aliqua
1913 2915 2097 2977 certa.
2165 2933 2237 2976 re
2303 2910 2483 2977 unde
2539 2911 2970 2998 reciperemus

873 3013 1206 3079 redditum
1251 3015 1545 3100 ipsorum
1574 3013 1689 3078 xii.
1736 3012 2172 3078 denariorum.
2259 3012 2330 3077 N
2331 3033 2404 3078 ec
2444 3012 2659 3078 multo
2704 3013 2968 3099 quidem

872 3122 1040 3203 post,
1116 3116 1291 3182 idem
1367 3113 1698 3182 Robertus
1773 3114 1960 3180 dedit
2033 3114 2226 3179 nobis
2281 3136 2492 3180 unum
2550 3115 2841 3180 clausum
2897 3114 2972 3178 in

874 3217 1267 3297 Wathsand,
1298 3221 1383 3285 33
1414 3217 1890 3306 perticatarum
1921 3217 1992 3281 in
2031 3215 2471 3304 longitudine,
2501 3223 2572 3283 et
2614 3217 2972 3284 latitudine

872 3345 913 3386 a
956 3328 1138 3388 certa
1182 3327 1361 3387 terra
1404 3319 1513 3386 del
1560 3319 1868 3405 Holenge
1888 3317 1915 3355 ⁴
1959 3339 2169 3406 usque
2215 3319 2300 3384 ad
2347 3341 2588 3406 aquam
2633 3321 2716 3386 de
2759 3341 2974 3384 marra

872 3422 954 3489 de
1001 3422 1284 3502 Hornse,
1330 3422 1403 3487 in
1451 3421 1846 3487 occidentali
1875 3427 2064 3507 parte
2109 3420 2405 3507 ejusdem
2450 3443 2706 3500 marrae,
2730 3421 2804 3487 in
2832 3421 2972 3486 loco

874 3525 991 3611 qui
1036 3523 1254 3589 North
1258 3546 1461 3611 green
1506 3523 1869 3603 dicebatur,
1917 3521 2166 3588 scilicet
2201 3522 2410 3608 juxta
2469 3523 2754 3590 divisam
2799 3525 2974 3589 inter

874 3625 1250 3691 Wathsand
1293 3631 1363 3692 et
1407 3624 1741 3703 Setonam,
1789 3631 1861 3690 et
1905 3645 2056 3690 cum
2099 3625 2367 3691 fossatis
2429 3647 2578 3712 quae
2637 3626 2975 3692 circueunt

876 3727 1269 3815 praedictum
1314 3727 1625 3804 clausum,
1670 3733 1740 3792 et
1786 3725 2105 3812 quicquid
2149 3727 2330 3792 intra.
2372 3729 2692 3814 praedicta
2734 3730 2976 3794 fossata

876 3829 1271 3896 continetur.
1365 3829 1495 3896 Cui
1523 3829 1741 3895 clauso
1788 3828 2152 3916 praedictus
2180 3829 2510 3895 Robertus
2553 3829 2745 3896 dedit
2789 3828 2975 3895 nobis

876 3937 1015 3998 tres
1059 3953 1239 3998 acras
1282 3935 1480 3998 terrae
1526 3931 1891 4017 contiguas,
1935 3930 2008 3995 in
2053 3931 2200 4050 ipsc
2238 3929 2381 3998 loco
2426 3931 2508 3998 de
2537 3931 2608 3996 N
2609 3932 2976 4020 orthgreen,

878 4055 1074 4122 super
1116 4055 1403 4098 marram
1448 4032 1531 4098 de
1574 4031 1964 4112 Wathsand‚
2011 4031 2082 4097 in
2141 4033 2280 4120 ejus
2338 4039 2526 4121 parte
2569 4033 2976 4110 occidentali,

878 4143 959 4202 ut
1020 4137 1102 4202 de
1157 4136 1301 4202 loco
1354 4140 1635 4221 utroque
1696 4133 1980 4200 liberum
2041 4135 2396 4201 introitum
2461 4141 2532 4202 et
2587 4137 2846 4202 exitum
2887 4137 2978 4202 ad

881 4244 1187 4317 careotas,
1231 4236 1533 4303 homines
1576 4247 1646 4303 et
1687 4237 2018 4315 animalia,
2063 4242 2133 4304 et
2177 4237 2264 4302 ad
2323 4239 2547 4304 omnia
2587 4239 2721 4304 alia
2763 4261 2978 4305 neeffl-

882 4339 1055 4405 saria
1098 4345 1329 4406 nostra
1371 4339 1687 4417 facienda,
1734 4339 1807 4404 in
1873 4344 2019 4404 toto
2081 4339 2420 4406 territorio
2465 4342 2547 4407 de
2591 4339 2978 4418 Wathsand,

884 4447 955 4509 et
997 4463 1143 4508 cum
1191 4441 1526 4507 communi
1571 4447 1862 4529 pastura,
1909 4446 2236 4529 quantum
2279 4444 2567 4529 pertinet
2625 4443 2713 4510 ad
2772 4465 2976 4510 unum

954 4736 969 4767 ¹
1006 4735 1157 4788 Aster
1176 4735 1389 4802 Besorth
1412 4737 1567 4789 insert
1588 4745 1639 4789 ct
1658 4735 1733 4800 in,
1752 4736 1819 4788 P.
2047 4741 2068 4772 ⁸
2091 4739 2431 4808 providerent]
2469 4741 2817 4807 providissent,
2839 4743 2897 4793 P.

953 4817 975 4846 ²
1008 4823 1057 4866 et
1088 4814 1474 4884 Walkynytona]
1498 4819 1729 4883 wanting
1746 4819 1804 4868 in
1827 4819 1886 4870 P.
2047 4821 2066 4850 ⁴
2101 4819 2345 4888 Holeuqe]
2383 4822 2666 4887 Holhenge,
2689 4823 2748 4872 P.
