3519 5734
1167 818 1530 870 PHILIPPUS
1573 818 1789 870 ABBAS
1834 820 2214 871 SECUNDUS.
2604 811 2727 873 201
2759 780 2767 787 ⁶

643 994 948 1060 cessitate
977 998 1208 1061 contra
1253 994 1642 1061 Sarracenos
1686 996 1763 1060 in
1809 996 2205 1083 Hispaniam
2233 996 2379 1076 iret,
2414 1003 2741 1084 quantum
2768 1004 2903 1055 ΑΒ·
2931 1008 3076 1069 1171,

644 1100 960 1186 temporis
1002 1100 1076 1164 in
1119 1100 1235 1165 illo
1277 1100 1516 1166 itinere
1581 1107 1995 1167 consumeret
2039 1106 2308 1169 tantum
2352 1103 2743 1189 praedictum
2772 1077 2915 1123 ¹¹⁷²·

313 1208 538 1273 Quadril.
641 1202 1000 1267 terminum
1065 1208 1288 1289 posset
1355 1203 1785 1291 prolongare:
1829 1202 2008 1289 quod
2078 1226 2287 1291 prava
2345 1210 2602 1271 statuta
2661 1206 2741 1271 de

310 1290 358 1339 Ρ·
390 1282 497 1329 ¹4⁷·
647 1304 1066 1371 Clarenan
1109 1312 1177 1371 et
1221 1326 1448 1371 omnes
1505 1307 1712 1372 malas
1770 1307 2275 1373 consuetudines
2320 1329 2469 1393 quae
2510 1313 2745 1381 ,contra

643 1408 983 1473 ecclesiam
1051 1408 1181 1473 Dei
1243 1429 1362 1473 suo
1425 1414 1720 1496 tempore
1783 1410 2075 1476 induetae
2144 1410 2408 1476 fuerant
2480 1411 2743 1499 penitus

643 1509 1030 1590 dimitteret,
1063 1510 1268 1575 malas
1315 1511 1517 1576 etiam
1545 1516 1703 1577 ante
1733 1515 2033 1599 tempora
2076 1535 2197 1578 sua
2229 1513 2435 1599 juxta
2477 1513 2742 1579 manda

643 1619 786 1678 tum
817 1636 1008 1701 papae
1052 1618 1124 1678 et
1165 1613 1437 1679 consilio
1466 1614 1923 1701 religiosorum
1968 1616 2263 1681 virorum
2308 1621 2745 1703 temperaret3

643 1716 1118 1802 appellationes
1181 1716 1765 1783 ecclesiasticarum
1834 1739 2175 1783 causarum
2251 1720 2337 1783 ad
2404 1718 2745 1783 dominum

645 1840 882 1905 papam
948 1818 1154 1883 libere
1217 1818 1461 1883 sineret
1521 1820 1668 1885 fieri
1729 1825 1799 1885 et
1861 1842 1980 1906 per
2040 1842 2185 1885 eum
2234 1822 2525 1901 tractari,
2574 1826 2643 1887 et
2688 1822 2745 1886 si

643 1920 792 2006 quis
823 1920 883 1985 ei
911 1928 1250 2007 suspectus
1277 1921 1468 1999 foret,
1497 1923 1918 1988 securitatem
1948 1922 2191 1989 faceret
2222 1925 2398 2009 quod
2430 1925 2743 1989 damnum

643 2023 784 2107 ejus
828 2030 896 2089 et
940 2024 1128 2111 regni
1189 2024 1294 2089 sui
1361 2046 1498 2090 non
1561 2030 1925 2110 quaereret;
1991 2026 2168 2111 quod
2212 2028 2414 2092 etiam
2460 2027 2743 2093 ecclesiae

644 2125 1106 2192 Cantuariensi
1148 2127 1606 2215 integritatem
1651 2148 1839 2193 suam
1884 2126 1959 2193 in
2002 2129 2198 2195 terris
2244 2134 2313 2195 et
2356 2129 2505 2195 aliis
2548 2131 2744 2195 rebus

642 2229 1043 2308 restitueret,
1107 2231 1280 2296 sicut
1353 2229 1483 2295 suit
1551 2251 1728 2295 anno
1792 2235 2149 2317 antequam
2224 2232 2745 2319 archiepiscopus

641 2332 809 2397 iram
853 2333 1028 2419 regis
1069 2332 1462 2411 incurrebat,
1496 2338 1565 2398 et
1595 2333 1904 2399 omnibus
1934 2333 2171 2419 quibus
2217 2333 2499 2399 offensus
2527 2334 2744 2400 fuerat

639 2438 910 2521 propter
953 2434 1516 2521 arehiepiscopum
1560 2456 1787 2521 pacem
1856 2440 1924 2499 et
1987 2455 2276 2500 amorem
2321 2435 2628 2501 redderet
2674 2443 2743 2502 et

641 2558 794 2601 suas
835 2538 1130 2623 integras
1158 2536 1612 2624 possessiones,
1703 2535 2154 2619 Injunxerunt
2184 2538 2387 2602 etiam
2432 2537 2493 2602 ei
2538 2560 2743 2604 secre-

639 2639 778 2704 tius
811 2638 1072 2725 jejunia
1117 2644 1186 2704 et
1229 2638 1673 2724 eleemosynas
1740 2643 1810 2703 et
1873 2638 2003 2703 alia
2070 2640 2392 2725 quaedam,
2437 2661 2585 2725 quae
2652 2642 2739 2706 ad

641 2762 1052 2807 communem
1081 2741 1490 2807 audientiam
1519 2763 1652 2806 non
1681 2748 2136 2827 pervenerunt.
2207 2742 2317 2807 Ad
2346 2742 2489 2808 haec
2518 2746 2740 2809 omnia

640 2864 762 2908 rex
826 2843 1296 2932 benignissime
1359 2844 1647 2932 praebuit
1709 2865 2047 2910 assensum
2122 2850 2192 2910 et
2253 2866 2333 2912 ea
2362 2848 2378 2861 “
2394 2844 2738 2913 observare

641 2948 903 3036 publico
954 2947 1261 3034 promisit
1319 2947 1747 3033 jurament03
1814 2948 2119 3034 quodque
2180 2969 2301 3014 rex
2360 2949 2539 3014 filius
2584 2972 2741 3015 suus

629 3051 890 3136 juravit
932 3073 1001 3136 se
1047 3072 1132 3115 ex
1175 3055 1364 3137 parte
1407 3072 1529 3114 sua
1574 3051 2090 3128 observaturum,
2136 3056 2205 3116 et
2249 3051 2308 3115 si
2368 3073 2489 3118 rex
2532 3058 2738 3140 pater,

638 3155 748 3220 vel
791 3159 1004 3220 morte
1047 3153 1156 3220 vel
1217 3153 1350 3217 alia
1394 3173 1587 3218 causa
1652 3153 2005 3217 manifesta
2062 3153 2480 3240 praepedituS‚
2528 3155 2739 3242 poeni-

637 3256 922 3323 tentiam
966 3255 1350 3343 praedictam
1395 3255 1718 3343 complere
1764 3277 1901 3321 non
1945 3261 2183 3342 posset,
2217 3257 2394 3342 quod
2438 3257 2549 3322 1110
2591 3279 2742 3344 sup·
2874 3281 2879 3290 ·

639 3360 860 3448 pleret.
930 3358 1286 3424 Relaxavit
1313 3361 1632 3445 praeterea
1660 3379 1781 3422 rex
1810 3357 2145 3444 episcopos
2190 3359 2271 3424 de
2316 3359 2747 3445 promissione

641 3486 838 3550 quam
906 3461 972 3528 ei
1034 3460 1326 3526 fecerant
1388 3460 1472 3526 de
1537 3460 2132 3526 consuetudinibus
2179 3461 2623 3542 observandiS‚
2656 3467 2740 3528 ‘et

640 3564 941 3651 promisit
986 3562 1161 3649 quod
1206 3584 1342 3628 non
1386 3563 1681 3648 exigeret
1707 3564 1781 3627 in
1809 3563 2123 3628 futurum.
2216 3563 2387 3628 Sane
2434 3564 2613 3649 quod
2642 3564 2740 3630 ibi

641 3668 889 3734 factum
934 3673 1034 3732 est
1078 3667 1318 3731 iterato
1363 3665 1578 3730 adhuc
1621 3666 1801 3752 apud
1833 3666 2197 3732 Cadomum
2239 3667 2313 3731 in
2342 3667 2586 3752 majore
2615 3667 2739 3733 fre-

640 3769 912 3856 quentia
955 3789 1381 3856 personarum
1426 3768 1664 3849 statuit
1709 3790 1781 3834 se
1823 3769 2178 3834 facturum.
2272 3769 2469 3849 Quod
2496 3775 2567 3836 et
2594 3793 2737 3857 per-

308 3887 550 3949 Quadril„
637 3873 809 3938 fecit.
901 3873 1054 3936 Hiis
1098 3875 1321 3936 autem
1352 3870 1688 3956 completis
1717 3870 2136 3937 deduxerunt
2181 3893 2329 3938 eum
2375 3873 2735 3940 cardinales
2756 3878 2841 3929 He
2861 3879 2908 3930 is

305 3969 354 4018 P·
385 3961 492 4006 ¹⁴⁸·
639 3983 832 4042 extra
875 3975 1122 4042 ostium
1167 3972 1467 4052 ecelesiae,
1514 3973 1740 4060 ibique
1807 3974 1999 4039 flexis
2066 3976 2346 4062 genibus
2390 3976 2731 4044 absolutus
2754 3948 2993 4080 ggsffiged

638 4084 756 4158 est,
787 4084 856 4143 et
900 4078 1144 4142 iterum
1187 4077 1262 4140 in
1305 4075 1638 4154 ecclesiam
1667 4077 2100 4142 introductus,
2188 4077 2733 4168 Archiepiscopus
2759 4082 3023 4136 cardinale.

637 4184 839 4248 etiam
884 4179 1434 4266 Rothomagensis
1463 4183 1532 4244 et
1561 4179 1897 4266 episcopus
1927 4179 2393 4246 Ambianensis
2438 4203 2523 4246 ex
2550 4206 2737 4249 man·
2760 4185 3040 4254 Purgation

639 4284 794 4349 dato
838 4305 1026 4372 papae
1072 4281 1528 4369 purgationem
1589 4281 1957 4368 praescripti
2020 4281 2260 4368 Rogeri
2306 4283 2737 4353 Eboracensis
2759 4254 3061 4390 ἕξοῗζῇῗόρ

639 4385 1103 4472 archiepiscopi
1167 4389 1235 4448 et
1300 4383 1579 4449 aliorum
1625 4383 2072 4471 episcoporum
2127 4407 2387 4451 reorum
2432 4409 2735 4477 percepe-
2760 4388 2821 4437 of
2840 4389 2997 4451 York,

641 4494 816 4568 runt,
849 4492 1256 4554 sacramento
1300 4487 1599 4573 praestito
1633 4486 1810 4571 quod
1854 4491 2012 4552 ante
2058 4489 2545 4555 coronationem
2574 4493 2733 4558 novi
2758 4455 2935 4572 3112?
2920 4473 3034 4588 ἔω-

639 4591 815 4676 regis
856 4590 1113 4656 litteras
1159 4588 1622 4676 prohibitionis
1689 4611 1732 4652 a
1797 4612 1969 4677 papa
2011 4611 2151 4655 non
2210 4599 2616 4678 receperunt,
2664 4600 2733 4660 et
2757 4588 2894 4641 ¹⁸⁸0&

641 4695 820 4779 quod
861 4693 1004 4780 regi
1046 4693 1224 4780 patri
1269 4693 1350 4758 de
1395 4692 1592 4758 dictis
1635 4692 1825 4780 regni
1870 4695 2453 4761 consuetudinibus
2498 4718 2568 4763 se
2597 4719 2733 4762 non
