3519 5734
821 812 950 876 266
1429 826 1709 873 rnouAs
1754 823 1973 874 ABsAs
2019 825 2325 875 TERTIUS.
2363 814 2373 823 ‘

479 997 618 1050 A·D·
649 1004 790 1049 1192-
817 992 1146 1060 exercitus
1190 993 1439 1071 divisis,
1482 1014 1692 1058 unum
1737 994 2099 1059 exercitum
2147 993 2405 1059 cuidam
2452 994 2651 1061 militi
2695 994 2926 1082 probo,

472 3657 698 3708 Richard

473 3732 704 3788 captares

477 3791 728 3842 Saladin’s

473 3858 605 3907 train
631 3859 693 3907 of

470 3926 672 3976 camels.

817 1097 1099 1161 alterum
1177 1096 1451 1182 Hugoni
1551 1095 1960 1181 Burgundiae
2038 1096 2188 1162 duci
2266 1096 2495 1162 Franci
2504 1096 2690 1183 genis
2766 1101 2928 1164 tunc

817 1198 1188 1283 dominanti
1254 1198 1606 1277 commisit,
1652 1202 1721 1271 et
1767 1197 2043 1263 tertium
2074 1198 2346 1283 ipsimet
2373 1205 2445 1263 et
2483 1198 2625 1285 regi
2671 1198 2925 1265 Ieroso·

815 1301 1122 1366 limorum
1168 1304 1247 1365 ut
1307 1300 1528 1365 decuit
1588 1321 1951 1377 reservam,
2016 1305 2097 1365 ut
2163 1300 2447 1366 fluvium
2492 1301 2929 1387 pertransiret

815 1402 1070 1467 viribus
1137 1402 1595 1466 contendebat.
1705 1400 1800 1465 Et
1866 1423 2015 1465 cum
2085 1401 2332 1466 bellum
2397 1424 2545 1467 cum
2608 1402 2923 1468 Saladino

813 1504 1355 1579 committeretur,
1399 1504 1843 1589 quadraginta
1887 1502 2180 1567 millibus
2212 1502 2716 1569 Sarracenorum
2765 1506 2925 1570 occi-

815 1606 904 1670 sis
949 1610 1019 1671 et
1062 1606 1134 1669 in
1164 1605 1369 1670 fluvio
1414 1604 1786 1681 submersiS,
1834 1604 1973 1690 ipse
2017 1604 2205 1669 miles
2248 1606 2496 1691 probus
2542 1606 2681 1671 dux
2726 1606 2925 1692 primi

816 1708 1145 1773 exercitus
1191 1708 1436 1772 occisus
1482 1711 1594 1772 est.
1713 1706 2037 1771 Ricardus
2085 1728 2240 1771 vero
2310 1708 2452 1794 ejus
2496 1713 2779 1773 mortem
2822 1731 2925 1774 re-

812 1831 1204 1896 cognoscens
1248 1809 1322 1873 in
1369 1808 1758 1874 Saladinum
1806 1809 2021 1894 ipsum
2086 1807 2399 1885 irruebat,
2444 1815 2514 1875 et
2560 1832 2711 1875 eum
2758 1832 2924 1895 prae-

813 1912 1096 1996 cipitans
1170 1911 1286 1975 sed
1361 1911 1631 1975 tandem
1719 1911 2122 1975 relevantem
2168 1910 2439 1975 -arctius
2514 1911 2923 1999 profugabat.

741 2046 751 2059 ·
816 2012 1097 2109 Interim
1173 2013 1393 2089 etiam,
1487 2013 1626 2078 dux
1717 2013 2127 2098 Burgundiae
2198 2034 2347 2079 cum
2422 2014 2811 2101 Templariis
2882 2037 2929 2079 a

815 2114 1192 2181 Sarracenis
1237 2115 1421 2180 tertii
1467 2116 1795 2181 exercitus
1817 2116 1912 2178 .in
1956 2114 2233 2179 fluvium
2278 2116 2584 2201 depressi,
2630 2116 2925 2181 clamori·

811 2216 936 2281 bus
979 2240 1020 2281 a
1065 2217 1344 2282 Ricardo
1389 2216 1714 2281 auxilium
1775 2216 2226 2302 implorarunt.
2320 2217 2639 2281 Ricardus
2684 2239 2840 2303 ergo
2882 2240 2925 2283 a

811 2318 1149 2406 fugatione
1217 2318 1512 2384 Saladini
1593 2321 1678 2385 ad
1757 2324 2017 2404 tempus
2078 2317 2453 2405 regrediens
2528 2318 2761 2383 ducem
2836 2318 2926 2384 ab

809 2423 1100 2508 impulsu
1143 2421 1646 2487 Sarracenorum
1692 2420 2024 2498 liberavit,
2072 2426 2141 2484 et
2185 2421 2455 2485 tandem
2488 2420 2703 2507 ipsum
2737 2420 2923 2486 Sala-

811 2525 1042 2590 dinum
1087 2525 1331 2588 iterum
1381 2524 1716 2589 insecutus
1769 2522 1843 2586 in
1894 2528 2213 2586 montana
2274 2520 2465 2587 Siriae
2525 2523 2925 2609 profugavit.

811 2626 896 2690 In
940 2648 1071 2713 quo
1116 2626 1288 2691 bello
1341 2625 1520 2691 mille
1585 2630 1654 2689 et
1701 2646 1859 2690 cccc.
1914 2623 2444 2691 Christianorum
2492 2625 2766 2691 fuerunt
2820 2625 2925 2690 in-

811 2729 1143 2814 terempti.
1271 2727 1475 2793 Facto
1520 2733 1742 2793 autem
1790 2727 2031 2812 praelio,
2084 2725 2403 2791 Ricardus
2463 2749 2581 2792 rex
2639 2727 2686 2793 J
2690 2750 2918 2815 oppen,

812 2831 1185 2910 Caesariam,
1245 2830 1656 2906 Ascalonem,
1687 2828 2039 2908 Nazareth,
2076 2828 2306 2906 CadeS,
2338 2827 2730 2908 Carmelum,
2758 2831 2923 2896 civi-

811 2940 1113 3019 tatesque
1161 2937 1229 2997 et
1273 2933 1569 3018 regiones
1614 2932 1954 3019 plurimas,
2001 2932 2363 3016 occupavit.

811 3193 968 3258 CAP.
1002 3190 1194 3256 XXI.
1241 3189 1338 3254 De
1368 3188 1680 3276 captione
1713 3187 2012 3253 camelioe
2042 3187 2415 3267 Salad‘e'sni;
2448 3187 2529 3253 cle
2558 3187 2920 3255 invasione

985 3293 1164 3379 reyis
1193 3290 1511 3356 Francioe
1541 3291 1626 3356 ’ὶη
1649 3290 1722 3356 N
1719 3289 2168 3354 omna-uniam
2197 3295 2257 3354 et
2286 3289 2346 3354 J
2341 3289 2641 3355 ohannis
2657 3289 2919 3376 fratris

987 3396 1166 3480 ‘reyis
1217 3393 1519 3460 Ricardi
1565 3393 1652 3457 in
1697 3391 2045 3476 Anylia‘m
2068 3416 2095 3470 ;
2144 3398 2203 3456 et
2248 3391 2505 3472 tremis
2554 3392 2702 3457 ideo
2761 3415 2919 3480 cap-

985 3499 1076 3564 tis
1119 3498 1305 3564 inter
1348 3517 1568 3582 ‘regem
1613 3493 2003 3560 Ricardum
2048 3499 2107 3558 et
2154 3493 2594 3559 Saladi-num.
2689 3574 2693 3578 Ι

900 3655 991 3718 Et
1022 3653 1306 3739 quadam
1351 3653 1458 3718 die
1503 3674 1622 3717 rex
1653 3651 1973 3716 Ricardus
2016 3673 2163 3715 cum
2214 3657 2249 3714 5
2299 3649 2591 3715 millibus
2620 3650 2915 3715 virorum

809 3757 1163 3821 electorum
1204 3755 1486 3819 occurrit
1531 3754 1819 3818 cameliae
1852 3752 2169 3828 Saladini‚
2201 3775 2397 3838 quam
2429 3753 2735 3817 undecim
2767 3754 2915 3818 mil-

807 3861 900 3924 lia
931 3879 1332 3946 paganorum
1374 3856 1837 3921 conduxerunt
1868 3854 1951 3918 de
1981 3853 2297 3919 Babilone
2343 3855 2413 3917 in
2449 3855 2915 3920 lerosolimam.

811 3961 1067 4041 Quibus
1128 3959 1408 4024 devictis
1468 3965 1536 4022 et
1595 3957 1963 4046 intersectis
2038 3957 2248 4043 spolia
2316 3979 2540 4021 eorum
2608 3958 2916 4044 possedit,

807 4065 1012 4152 captis
1071 4063 1287 4127 tribus
1346 4059 1638 4124 millibus
1697 4058 2091 4122 camelorum
2153 4064 2222 4122 et
2280 4066 2567 4143 quatuor
2625 4060 2917 4125 millibus

805 4189 1120 4253 equorum
1152 4169 1222 4230 et
1251 4163 1597 4238 mularum,
1647 4161 1938 4246 exceptis
1982 4161 2358 4226 interfectis.
2430 4162 2647 4226 Aiunt
2690 4169 2916 4228 autem

806 4269 1074 4354 quidam
1106 4265 1282 4352 quod
1329 4268 1576 4351 septem
1631 4262 1842 4326 millia
1893 4263 2281 4327 camelorum
2328 4263 2651 4328 thesauris
2698 4273 2767 4328 et
2817 4265 2918 4330 di-

805 4371 992 4435 vitiis
1046 4376 1431 4434 onustorum
1483 4365 1783 4430 bellando
1844 4364 2255 4452 perquisivit,
2306 4387 2663 4451 eorumque
2706 4367 2916 4452 spolia

807 4494 928 4538 sua
971 4470 1370 4535 liberalitate
1416 4489 1534 4553 per
1587 4467 1970 4530 universum
2021 4467 2381 4531 exercitum
2432 4468 2795 4548 dividebat,
2844 4475 2916 4534 et

806 4575 1080 4639 tandem
1123 4573 1194 4636 in
1244 4571 1484 4634 Acram
1529 4591 1676 4633 cum
1739 4569 1903 4632 duce
1965 4569 2369 4654 Burgundiae
2420 4571 2765 4636 vulnerato
2812 4591 2915 4636 re·-

805 4676 1094 4764 pedavit
1183 4673 1332 4737 Nec
1403 4678 1626 4736 tamen
1702 4671 1919 4735 adhuc
1994 4669 2445 4736 Ierosolimam
2512 4673 2911 4757 properavit.
