3519 5734
445 1633 612 1685 Gnnt
631 1633 693 1683 of

438 1700 546 1751 fiee
567 1715 682 1764 pas-

441 1783 562 1832 fltsse
584 1773 638 1816 at

439 1833 586 1885 Paul.

440 1913 654 2016 pm?-

443 2149 678 2204 Hedona.

769 816 854 877 88
1435 826 1638 878 ADAM
1680 828 1899 880 ABBAS
1945 829 2220 880 PRIMUS.

770 1007 1169 1086 interiorem,
1246 1005 1364 1072 ubi
1437 1028 1615 1072 nunc
1689 1006 1997 1086 situatur,
2072 1005 2290 1072 fuerat
2369 1009 2867 1087 transmutata3

772 1109 947 1175 sicut
988 1109 1065 1173 in
1131 1114 1428 1196 tempore
1490 1107 1743 1174 domini
1790 1107 2137 1174 Willielmi
2198 1108 2467 1175 abbatis
2538 1111 2578 1174 9
2638 1113 2871 1196 postea

771 1211 1106 1278 referetur.
1207 1211 1418 1278 Locus
1462 1211 1640 1276 enim
1653 1201 1769 1278 “de
1813 1233 1943 1298 quo
1986 1211 2307 1298 praedicta
2336 1212 2615 1300 grangia
2656 1215 2871 1278 trans·

771 1313 912 1379 lata
969 1314 1100 1380 fuit
1119 1312 1139 1351 ¹
1187 1313 1621 1402 Aldsaltaghe
1667 1313 1789 1386 ,vel
1836 1309 2323 1400 Westsaltaghe
2340 1311 2368 1350 ⁹
2411 1320 2869 1401 nuncupatur;

773 1419 1004 1482 contra
1047 1435 1240 1502 quem
1284 1417 1517 1496 locum,
1563 1415 1719 1482 licet
1765 1414 2099 1480 Humbria
2140 1415 2393 1482 ibidem
2436 1421 2681 1482 terram
2724 1438 2870 1503 per-

773 1518 959 1606 prius
1021 1518 1576 1607 consumpsisset,8
1641 1523 1827 1584 terra
1896 1518 2043 1604 jam
2064 1519 2092 1556 ⁴
2150 1518 2476 1605 paulatim
2518 1540 2872 1584 recrescere

774 1620 993 1709 coepit.
1083 1621 1514 1710 Praescriptus
1559 1621 1764 1686 etiam
1786 1619 1815 1658 ⁵
1842 1619 2240 1686 Willielmus
2282 1620 2346 1686 le
2378 1620 2588 1706 Grqos
2616 1618 2875 1698 comes,⁶

773 1722 1090 1788 fundator
1131 1731 1374 1803 noster,
1421 1723 1607 1789 dedit
1647 1721 1841 1788 nobis
1882 1723 2166 1788 liberum
2211 1726 2281 1788 et
2323 1723 2625 1809 quietum
2652 1744 2874 1810 passa·

776 1825 961 1912 gium
1033 1825 1214 1913 apud
1274 1824 1613 1912 Pagulam,
1678 1825 1998 1910 quatinus
2072 1846 2221 1890 cum
2296 1825 2603 1891 omnibus
2674 1823 2873 1890 rebus

775 1927 1020 1995 nostris
1065 1928 1346 2016 propriis
1389 1929 1464 1994 in
1509 1928 1726 1994 eundo
1790 1933 1861 1994 et
1923 1928 2257 1994 redeundo
2317 1928 2525 1995 libero
2568 1928 2871 2015 passagio

775 2028 1184 2096 frueremur.⁷
1293 2030 1502 2098 Dedit
1569 2031 1774 2096 etiam
1838 2030 2032 2096 nobis
2099 2031 2435 2117 quandam
2496 2052 2873 2097 mansuram

775 2132 851 2198 in
893 2133 1197 2213 Hedona,
1241 2138 1340 2214 ut,
1387 2134 1460 2198 in
1503 2130 1722 2198 eundo
1766 2132 1854 2198 ad
1899 2132 2176 2220 Saltagh
2236 2138 2305 2199 et
2358 2133 2611 2201 dictum
2653 2155 2873 2220 passa-

777 2234 962 2322 gium
1009 2239 1080 2301 et
1121 2233 1282 2301 inde
1324 2233 1679 2314 redeundo,
1748 2234 2000 2300 ibidem
2061 2240 2445 2323 promptum
2511 2235 2874 2323 hospitium

443 2352 498 2401 A
516 2353 756 2420 dwening
779 2337 1179 2406 haberemus,
1271 2339 1488 2420 Quam
1531 2338 1732 2404 etiam
1778 2359 2156 2403 mansuram
2198 2337 2376 2403 idem
2422 2338 2627 2403 abbas
2656 2337 2875 2402 Adam

443 2419 598 2470 house
619 2429 672 2472 at

445 2483 646 2540 Hedon.

779 2441 1043 2507 cuidam
1086 2441 1380 2506 Roberto
1423 2441 1564 2506 filio
1611 2439 1956 2506 Benedicti
1984 2445 2055 2505 et
2084 2439 2444 2526 Sapientiae
2482 2441 2675 2506 uxori
2718 2461 2875 2518 suae,

779 2541 936 2609 filiae
981 2541 1356 2624 Haldenae,⁸
1400 2545 1508 2608 cui
1541 2543 1694 2629 jure
1737 2539 2138 2608 hereditario
2203 2543 2523 2630 praedicta
2564 2564 2877 2608 mansura

782 2644 1177 2732 pertinebat,
1223 2643 1563 2723 reddidit,⁹
1607 2647 1925 2732 quatinus
1968 2666 2113 2709 eam
2158 2645 2231 2709 in
2273 2644 2465 2710 feodo
2509 2651 2580 2710 et
2622 2645 2877 2711 heredi-

782 2752 926 2813 tate
969 2747 1380 2826 rehaberent,
1429 2753 1498 2812 et
1542 2770 1687 2813 eam
1733 2747 1816 2813 de
1862 2747 2130 2814 ecclesia
2173 2753 2401 2813 nostra
2427 2749 2556 2834 ipsi
2600 2752 2672 2813 et
2704 2747 2875 2835 justi

787 2870 1014 2915 eorum
1058 2870 1458 2917 successores
1489 2854 1811 2929 tenerent,
1842 2855 1921 2916 ut
1964 2849 2038 2915 in
2082 2874 2160 2916 ea
2188 2849 2548 2938 hospitium
2579 2855 2877 2918 nostrum

784 2972 1070 3037 congrue
1144 2958 1214 3018 et
1287 2950 1658 3031 honorifice,
1736 2953 1824 3018 ad
1914 2974 2077 3038 opus
2148 2951 2428 3018 fratrum
2501 2958 2874 3020 nostrorum

787 3054 1091 3119 euntium
1166 3058 1235 3121 et
1309 3054 1746 3132 redeuntium,
1821 3053 2223 3120 haberemus.
2368 3054 2532 3135 Quae
2607 3055 2877 3143 quidem

785 3178 1094 3222 mansura
1135 3158 1222 3222 ad
1269 3178 1432 3245 opus
1477 3161 1779 3222 nostrum
1804 3154 1856 3193 ¹⁰
1897 3158 2140 3221 iterum
2186 3162 2289 3223 est
2330 3178 2606 3224 reversa.

797 3358 892 3367 *-

853 3488 868 3518 ¹
903 3486 962 3537 de
984 3524 996 3537 .
1023 3524 1035 3536 .
1062 3524 1074 3537 .
1101 3524 1113 3537 .
1139 3484 1382 3537 vandala
1395 3487 1534 3553 suit]
1573 3488 1630 3537 in
1654 3526 1667 3539 .
1692 3526 1705 3539 .
1730 3526 1743 3538 .
1771 3526 1783 3539 .
1946 3491 1967 3520 ⁰
1998 3488 2175 3555 comes]
2214 3489 2440 3555 wanting
2462 3489 2515 3539 in
2536 3490 2597 3541 P.

781 3572 840 3617 ut
859 3564 1164 3631 prodicitur,
1188 3565 1352 3617 fuerat
1371 3566 1570 3629 situata,
1591 3567 1651 3617 P.
1946 3568 1965 3597 ⁷
1999 3567 2149 3619 Aster
2167 3568 2450 3634 frueremur
2471 3569 2644 3632 insert,
2683 3568 2785 3621 Sed
2804 3577 2879 3621 ta-

851 3646 872 3677 ²
901 3644 1056 3695 Aster-
1096 3642 1448 3711 Westsaltaqhe
1497 3645 1670 3707 insert,
1720 3644 1786 3695 ab
1878 3660 2007 3707 men,
2018 3662 2133 3697 cum
2150 3647 2432 3713 passagium
2448 3655 2675 3699 nostrum
2690 3649 2880 3700 ibidem

785 3724 1018 3775 omnibus
1038 3724 1251 3776 eundem
1273 3724 1612 3787 noscentibus,
1633 3724 1694 3775 P.
1878 3725 2277 3789 frequentamus,
2300 3727 2544 3778 solvimus
2581 3744 2677 3793 pro
2710 3744 2879 3793 passa-

853 3806 873 3834 ⁸
906 3802 1018 3853 licet
1049 3840 1062 3853 .
1099 3840 1113 3854 .
1147 3839 1162 3856 .
1203 3803 1594 3869 consumpsisset]
1653 3804 1787 3853 inter
1878 3805 1967 3871 gio
1989 3812 2048 3854 ut
2068 3805 2223 3856 moris
2244 3812 2321 3857 est
2342 3806 2571 3867 aliorum,
2603 3807 2665 3859 P.

785 3884 894 3947 ejus
947 3883 1202 3933 defensam
1244 3890 1296 3932 et
1337 3882 1641 3933 Humbriam
1684 3884 1785 3934 hiis
1946 3885 1967 3914 ⁸
1998 3883 2265 3951 Haldenoe]
2304 3885 2591 3948 Halsdenae,
2610 3887 2671 3939 P.

783 3963 974 4024 diebus,
994 3962 1055 4012 P.
1945 3966 1965 3995 ⁰
1998 3962 2232 4030 reddidit]
2269 3965 2564 4027 retradebnt,
2585 3966 2645 4017 P.

852 4043 871 4073 ⁴
889 4042 1029 4108 jam]
1067 4040 1296 4107 wanting
1315 4035 1372 4091 in
1392 4040 1455 4091 P.
1946 4044 1985 4073 ¹⁰
2017 4042 2171 4094 Aster
2206 4050 2419 4094 nostr-mn
2453 4044 2612 4097 insert
2642 4052 2701 4097 ut
2719 4048 2879 4100 credi·

852 4124 873 4152 ’
904 4121 1061 4172 Asser
1077 4122 1220 4171 etiam
1243 4120 1403 4171 insert
1423 4134 1606 4183 comes,
1627 4119 1688 4171 P.
1880 4127 1976 4181 tur,
1999 4121 2059 4174 P.
