3519 5734
1138 851 1568 906 nmmum
1609 851 1831 906 ABBAS
1877 852 2213 916 auarus.
2548 817 2553 821 ’
2605 840 2735 908 299

624 1051 834 1096 vacua
855 1028 874 1067 ¹
923 1029 1072 1109 fuit,
1117 1035 1188 1097 et
1232 1030 1378 1109 alia,
1423 1035 1721 1120 tempore
1766 1029 2109 1101 willielmi
2150 1029 2413 1100 abbatis
2458 1028 2549 1114 9?
2592 1051 2743 1118 quae
2767 1031 3055 1092 A-D.119⁷

626 1133 842 1201 adhuc
887 1135 1102 1213 durat,
1147 1133 1513 1204 reformata.
2760 1105 2942 1154 ‘¹21⁰-

629 1460 748 1528 VI.
794 1459 897 1526 De
943 1457 1143 1526 terrie
1172 1457 1531 1547 acquisitis
1561 1459 1650 1526 in
1691 1456 2002 1546 Waqlma
2030 1459 2133 1526 οὐδ
2161 1458 2475 1543 Βαιίοτια,
2506 1467 2567 1528 et
2613 1457 2735 1529 de*

913 1569 1216 1650 pastura
1262 1561 1351 1630 im.
1399 1563 1458 1630 le
1521 1560 1879 1631 Westke‘rre
1928 1561 2011 1630 de
2066 1563 2377 1631 Suttona.

719 1723 829 1804 Et,
891 1723 1052 1788 dum
1125 1722 1267 1789 haee
1329 1727 1702 1810 agerentur,
1775 1723 2097 1790 Osbertus
2160 1723 2339 1792 filius
2406 1723 2591 1791 Petri
2657 1727 2738 1793 de
2762 1736 3019 1804 waghna.

631 1826 938 1914 Waghna
983 1826 1256 1892 senioris
1325 1849 1445 1914 per
1505 1825 1801 1892 diversas
1870 1831 2086 1894 cartas
2152 1831 2223 1894 et
2282 1827 2461 1894 vices
2478 1825 2506 1866 ⁵
2551 1829 2739 1894 dedit.
2765 1816 3077 1936 3333}OE

631 1929 820 1996 nobis
887 1950 1094 1994 unam
1161 1929 1479 1994 bovatam
1543 1932 1740 1994 terrae
1808 1933 1877 1995 et
1940 1950 2151 1995 unum
2220 1929 2465 1996 toftum
2528 1931 2740 1998 eidem
2765 1965 2857 2000 son
2880 1951 2941 2000 of
3014 1923 3029 1947 ’

633 2032 986 2119 pertinenS,
1059 2053 1264 2096 unam
1329 2052 1712 2098 mansuram
1779 2037 1851 2098 et.
1919 2054 2131 2098 unum
2193 2032 2531 2100 hominem
2591 2057 2742 2101 eum
2766 2017 3021 2150 1&th-

631 2135 856 2200 liberis
901 2134 1038 2200 suis
1091 2133 1344 2200 dietam
1411 2155 1796 2200 mansuram
1862 2139 2227 2218 tenentem,
2272 2158 2483 2202 unum
2526 2138 2743 2204 sellio-

633 2260 786 2304 nem
831 2243 901 2304 et,
945 2238 1111 2303 duas
1158 2237 1472 2315 culturaS,
1501 2242 1570 2304 et
1599 2260 1843 2324 aquam
1890 2260 2041 2324 quae
2084 2244 2247 2306 tune
2274 2238 2523 2306 ibidem
2552 2263 2743 2308 voea-

634 2341 834 2406 batur
878 2339 1298 2424 Thornefleeb
1320 2364 1337 2421 ;
1363 2335 1390 2374 ⁰
1433 2339 1552 2404 sed
1597 2362 1748 2426 quae
1792 2341 1999 2408 fuerit,
2057 2340 2205 2426 ipsa
2262 2363 2437 2428 aqua
2481 2343 2746 2429 penitus

635 2440 1026 2529 ignoratur.⁷
1117 2441 1272 2528 Ipse
1338 2445 1566 2507 autem
1621 2440 1959 2528 ‘Osbertus
2002 2441 2191 2509 dedit
2213 2441 2239 2480 ⁸
2285 2443 2577 2529 capitulo
2622 2445 2747 2511 Be-

635 2545 884 2611 verlaei
930 2542 958 2580 ⁹
979 2547 1365 2610 tenementa
1411 2565 1560 2630 quae
1607 2543 2083 2630 acquisivimus
2126 2547 2211 2611 de
2256 2545 2544 2634 Hugone
2588 2546 2747 2616 Por-

641 2653 778 2712 tere
823 2651 891 2713 et
945 2645 1236 2712 Isabella
1295 2666 1505 2711 uxore
1565 2667 1703 2713 sua.
1796 2645 2009 2712 Dedit
2079 2649 2285 2714 etiam
2351 2648 2750 2716 monialibus

641 2750 724 2815 de
769 2749 1078 2836 Kyllyng
1121 2752 1506 2814 tenementa
1545 2769 1694 2834 quae
1736 2754 1975 2815 tenent
2019 2748 2265 2818 ibidem
2286 2777 2303 2833 ;
2324 2751 2351 2792 ⁹
2400 2757 2469 2818 et,
2514 2754 2751 2839 genuit·

644 2853 916 2919 Petrum
962 2851 1078 2940 qui
1126 2851 1307 2939 apud
1371 2872 1494 2917 nos
1560 2849 1734 2917 obiit
1802 2851 2177 2935 monachus,
2226 2860 2295 2922 et,
2354 2854 2637 2921 Elenam
2682 2860 2751 2923 et

650 2956 916 3023 Inetam
985 2976 1240 3019 sorores
1308 2954 1620 3041 ejusdem,
1670 2955 1753 3021 de
1822 2956 2062 3043 quibus
2128 2964 2358 3045 postea
2414 2960 2750 3026 referetur.

649 3056 783 3123 Sed
844 3062 914 3124 et
992 3056 1315 3123 Osbertus
1397 3056 1479 3123 de
1549 3057 1977 3125 Frismariseo
2039 3059 2227 3127 dedit
2287 3062 2480 3129 nobis
2542 3084 2749 3129 unum

644 3160 890 3225 tostum
956 3160 1030 3224 in
1096 3158 1328 3225 eadem
1376 3158 1555 3225 villa.
1646 3160 1999 3227 Amandus
2042 3162 2219 3231 filius
2264 3164 2608 3231 Willielmi
2668 3165 2750 3231 de
2776 3178 3001 3231 Suttona.

645 3262 953 3339 Suttona,
985 3262 1059 3327 in
1101 3261 1341 3327 ultimo
1387 3283 1506 3327 suo
1552 3266 1866 3351 tempore,
1912 3286 2181 3331 assensu
2227 3270 2296 3332 et·
2338 3266 2749 3355 beneplacito
2777 3261 3082 3315 Grantfrom

647 3364 858 3431 saieri
902 3364 1028 3429 filii
1090 3368 1160 3431 et
1227 3364 1487 3431 heredis
1555 3364 1677 3445 sui,
1742 3365 1933 3433 dedit
1955 3366 1982 3407 ⁸
2044 3368 2239 3434 nobis
2300 3368 2615 3456 quicquid
2675 3370 2749 3435 in
2774 3328 3057 3449 ffltssduffi

714 3651 730 3680 ¹
765 3648 948 3714 vacua]
985 3654 1212 3710 vacuata,
1233 3646 1293 3698 P.
1749 3656 1801 3701 et
1840 3666 2073 3715 processu
2110 3653 2347 3717 temporis
2383 3654 2539 3707 oblito
2577 3670 2609 3705 a
2652 3656 2752 3707 sin·

711 3732 732 3763 ²
767 3738 970 3794 tempore
1003 3765 1017 3779 .
1054 3763 1068 3779 .
1104 3764 1118 3778 .
1155 3727 1214 3793 9]
1252 3727 1482 3793 wanting
1511 3728 1568 3777 in
1588 3727 1648 3778 P.
1748 3730 1901 3795 gulis,
1956 3732 2069 3783 solo
2137 3732 2343 3785 nomine
2397 3732 2526 3785 Hull
2560 3751 2754 3786 nuncu·-

648 3810 759 3860 The
780 3810 942 3861 words
964 3808 1093 3857 fiom
1107 3814 1282 3872 postea
1317 3812 1372 3856 to
1400 3804 1596 3857 abbati-5
1618 3814 1652 3862 9
1751 3818 1915 3875 patur.
1998 3810 2149 3862 Then
2188 3812 2401 3875 follows,
2444 3822 2535 3867 not
2565 3817 2753 3877 erased,

651 3905 734 3940 are
757 3889 958 3939 written
979 3902 1100 3937 over
1123 3902 1188 3936 an
1211 3900 1415 3936 erasure
1437 3886 1490 3935 in
1513 3886 1576 3936 E.
1749 3889 1925 3952 Dedit,
1958 3896 2016 3943 ut
2047 3890 2353 3957 proedicitur,
2381 3892 2487 3959 ipse
2515 3894 2753 3945 osbertus

716 3971 736 3999 ³
769 3968 920 4018 After
941 3974 988 4017 et
1007 3967 1164 4017 insert
1184 3964 1256 4026 in,
1280 3964 1340 4014 P.
1753 3967 1913 4032 ipsam
1951 3984 2131 4034 aquam
2166 3986 2323 4035 usque
2354 3970 2421 4022 ad
2452 3972 2595 4022 filum
2622 3974 2751 4037 ejus-

718 4054 734 4082 ⁴
768 4051 854 4117 de]
880 4048 1112 4114 wanting
1131 4048 1187 4097 in
1207 4047 1271 4098 P.
1754 4049 1942 4099 demin
1958 4049 2153 4101 directo
2175 4057 2497 4116 utrarumque
2530 4052 2753 4116 ipsarum

718 4134 739 4163 ⁵
773 4139 819 4181 et
841 4129 996 4194 vices]
1034 4127 1262 4192 wanting
1283 4127 1338 4175 in
1359 4125 1421 4177 P.
1753 4129 2080 4189 culturarum,
2115 4135 2165 4180 et
2196 4128 2381 4179 iterum
2408 4146 2565 4181 unum
2585 4132 2754 4183 Iocum

719 4212 739 4241 ⁶
772 4211 884 4263 The
905 4208 1169 4273 following
1183 4222 1288 4258 was
1309 4206 1476 4257 added
1495 4205 1550 4257 in
1567 4205 1655 4257 the
1753 4208 1820 4257 ad
1878 4206 2166 4273 piscariam,
2215 4222 2372 4273 usque
2414 4210 2479 4261 ad
2532 4211 2753 4263 medium

655 4290 908 4355 Phillipps
963 4287 1094 4348 MS„
1150 4287 1243 4338 but
1298 4286 1656 4351 subsequently
1751 4302 1894 4351 aquae
1938 4287 2254 4353 supradietae.

655 4372 866 4421 erased:
901 4368 1051 4419 Nune
1084 4374 1252 4419 autem
1285 4364 1414 4415 Hull
1452 4365 1654 4416 dicitur.
1819 4368 1837 4395 ²
1892 4364 1980 4415 sed
2022 4402 2035 4417 .
2077 4402 2090 4416 .
2132 4402 2146 4417 .
2194 4366 2471 4434 iquoratur]
2528 4369 2753 4437 wanting

655 4451 786 4500 Nam
832 4456 951 4499 tune
985 4448 1097 4512 ipsa
1134 4460 1264 4510 aqua
1297 4444 1428 4496 inter
1461 4444 1656 4511 Wagh-
1749 4445 1806 4495 in
1830 4444 1889 4495 P.

657 4544 775 4583 nam
814 4535 866 4579 et
897 4524 1218 4579 Thooenbins
1252 4524 1338 4575 via
1374 4532 1496 4587 erat,
1535 4530 1586 4576 et
1624 4540 1656 4575 a
1816 4526 1836 4554 ⁸
1870 4524 2026 4592 dedit]
2054 4526 2272 4590 dederat,
2294 4526 2355 4579 P.

661 4608 958 4675 quibusdam
1000 4604 1127 4655 Hull
1167 4611 1218 4655 et
1249 4604 1314 4655 ab
1359 4604 1470 4655 aliis
1515 4603 1653 4655 'rho-
1817 4606 1838 4636 ⁹
1874 4612 2135 4656 tenementa
2170 4642 2185 4657 .
2221 4642 2235 4658 .
2270 4644 2285 4659 .
2319 4607 2519 4675 ibidem]
2556 4610 2646 4660 illa
2674 4616 2751 4661 te-

659 4687 872 4739 renfieet
913 4684 1188 4736 dicebamr.
1275 4682 1427 4735 Nune
1471 4688 1653 4747 autem,
1748 4690 1984 4735 nements.
2006 4700 2117 4749 quae
2149 4692 2383 4740 tenentur
2404 4689 2467 4739 de
2488 4688 2636 4740 feodo
2660 4704 2751 4740 suo

662 4767 849 4819 omisso
880 4764 990 4831 ipso
1022 4762 1227 4817 nomine
1249 4762 1312 4817 de
1333 4762 1657 4817 Therenfleet
1744 4761 1802 4813 in
1826 4763 2079 4830 waghna,
2100 4764 2161 4817 P.
