3519 5734
1163 847 1585 898 ALEXANDER
1627 847 1843 897 ABBAS
1890 848 2223 909 QUARTUS.
2616 835 2746 900 313

651 1020 829 1086 idem
874 1018 1192 1085 Ricardus
1237 1021 1786 1108 praenominatam
1834 1021 2171 1088 ecclesiam
2237 1019 2528 1100 haberet,
2598 1020 2755 1105 quia
2782 1033 2917 1084 ΑΔ).
2942 1035 3069 1083 1192·

651 1124 726 1188 in
790 1128 1084 1210 tempore
1149 1144 1268 1189 suo
1329 1125 1650 1211 possessio
1711 1131 2041 1190 terrarum
2084 1129 2460 1190 nostrarum
2504 1123 2753 1188 ibidem
2816 1103 2959 1152 ¹²¹⁰·

652 1248 768 1312 per
811 1225 1217 1292 additionem
1240 1225 1262 1262 ²
1308 1226 1512 1292 trium
1572 1228 1983 1306 bovatamm‚
2028 1231 2109 1292 ut
2151 1226 2517 1314 praefertur,
2563 1229 2759 1291 aucta

651 1328 887 1409 fuerat,
951 1351 1062 1394 xx.
1131 1329 1374 1394 solidos
1439 1351 1694 1396 annuos
1751 1331 1813 1395 ei
1873 1352 1993 1417 pro
2068 1329 2241 1396 bono
2317 1329 2495 1417 pacis
2554 1329 2759 1393 abbas

653 1437 1055 1500 memoratus
1097 1432 1516 1518 persolveret.
1583 1432 1907 1519 Denique,
1952 1454 2158 1520 parvo
2189 1437 2485 1518 tempore
2517 1431 2757 1517 elapSO,

652 1534 1007 1620 praedictus
1054 1532 1394 1614 RicarduS,
1442 1534 1678 1606 videns
1745 1540 1817 1600 et
1869 1535 2090 1600 forsan
2136 1535 2222 1600 ad
2266 1535 2388 1600 hoc
2432 1533 2759 1599 adductus

653 1636 830 1722 quod
885 1641 1114 1701 contra
1175 1641 1474 1702 tenorem
1541 1637 2035 1724 privilegiorum
2096 1642 2472 1703 nostrorum
2538 1636 2759 1700 minus

653 1739 1142 1804 rationabiliter
1186 1739 1528 1827 praefatam
1573 1740 1959 1827 pensionem
2004 1763 2113 1805 xx,
2164 1739 2523 1805 solidorum
2546 1738 2573 1774 ²
2618 1738 2759 1803 exi-

653 1841 872 1928 gebat,
917 1841 1102 1906 illam
1169 1843 1362 1909 nobis
1407 1850 1775 1930 spontanea
1820 1844 2191 1924 voluntate,
2246 1843 2360 1909 sed
2420 1847 2487 1907 et
2532 1862 2758 1906 omnes

655 1944 946 2030 querelas
999 1945 1084 2010 de
1125 1945 1372 2032 capella
1417 1968 1566 2032 quse
1623 1946 1959 2033 quondam
2028 1953 2173 2011 erat
2239 1947 2311 2010 in
2358 1946 2644 2031 Mytona
2688 1948 2758 2009 et

655 2048 848 2113 terris
891 2047 1356 2134 adjacentibus,
1410 2050 1553 2115 sive
1621 2050 1704 2116 de
1749 2049 1898 2114 aliis
1944 2049 2276 2136 aliquibus
2318 2048 2515 2114 rebus
2560 2047 2757 2112 simul

655 2152 922 2228 exortiS,
966 2173 1085 2239 pro
1103 2149 1130 2188 ³
1176 2159 1440 2218 centum
1490 2153 1713 2220 solidis
1762 2153 2029 2218 omnino
2074 2150 2349 2229 remisit,
2392 2156 2464 2217 et
2508 2155 2756 2216 cartam

655 2277 842 2320 suam
887 2255 1079 2320 nobis
1121 2255 1278 2321 inde
1325 2255 1525 2321 dedit.

658 2597 737 2666 X.
785 2599 888 2666 De
917 2598 1119 2667 te‘r‘ris
1164 2599 1244 2667 de
1272 2598 1815 2686 Branty‘nqham,
1851 2605 1907 2664 ct
1936 2598 2331 2666 molendino
2364 2599 2443 2665 cle
2478 2599 2759 2685 Ootyny-

835 2702 999 2768 ham
1015 2709 1054 2782 ;'
1092 2702 1173 2769 de
1224 2709 1594 2770 tenemento
1643 2702 1942 2768 alienato
1990 2702 2077 2768 ’ἱπ
2118 2701 2465 2768 Beverlaco
2484 2727 2513 2782 ,·
2566 2709 2627 2768 et
2679 2701 2761 2768 de

839 2805 1039 2872 terris
1098 2804 1179 2872 de
1247 2803 1832 2885 Blaunche‘marle,
1914 2803 2225 2885 Wartria,
2291 2803 2622 2885 Bolttomt„⁴
2700 2812 2759 2871 et

837 2908 914 2974 N
909 2907 1056 2975 orth
1097 2907 1416 2977 Daltona.

750 3094 1044 3183 Rogerus
1089 3094 1268 3162 filius
1314 3094 1641 3162 Osmundi
1685 3094 1767 3161 de
1816 3092 2020 3173 Kent,
2068 3096 2149 3160 de
2195 3109 2326 3181 quo
2370 3080 2760 3181 praedictum
2784 3106 3075 3174 Brantyng-

660 3202 774 3277 est,
821 3199 1208 3265 donationes
1251 3198 1462 3285 patris
1525 3200 1630 3263 sui
1675 3197 1756 3264 de
1802 3219 2081 3285 quarera
2126 3196 2209 3263 de
2254 3198 2759 3285 Brantyngham
2782 3174 2916 3226 hm.

657 3301 850 3367 nobis
896 3300 1356 3379 confirmavit?
1400 3308 1469 3368 et
1529 3308 1667 3367 tres
1729 3302 2085 3389 perticatas
2152 3304 2348 3366 terrae
2415 3300 2605 3367 nobis
2658 3301 2761 3366 in·-

658 3426 850 3491 super
901 3405 1252 3493 erogavit.⁰
1341 3404 1624 3483 Interea,
1670 3409 1935 3471 mortuo
1984 3403 2340 3469 Willielmo
2403 3404 2486 3469 de
2532 3403 2757 3470 Stute-
2786 3414 3013 3483 cotyng·

658 3506 854 3592 vylla,
921 3508 1003 3573 de
1071 3531 1200 3595 quo
1261 3508 1656 3596 praedictum
1721 3512 1839 3586 est,
1903 3506 2359 3572 molendinum
2426 3527 2617 3572 suum
2686 3508 2759 3573 in
2783 3482 2998 3631 ἔξω

657 3610 990 3676 territorio
1043 3612 1124 3676 de
1173 3610 1599 3698 Cotyngham
1641 3632 1849 3697 prope
1892 3632 2133 3697 aquam
2181 3610 2263 3675 de
2309 3609 2535 3687 Hullo,
2582 3611 2758 3697 quod
2783 3633 3068 3699 respecting

647 3711 852 3799 juxta
891 3713 1346 3779 molendinum
1387 3719 1690 3779 nostrum
1720 3713 1925 3777 situm
1967 3712 2114 3790 fuit,
2148 3713 2320 3778 sicut
2364 3712 2760 3799 praedictum
2785 3700 2871 3751 ¹¹¹⁸
2891 3700 3020 3750 “²³¹¹-

659 3819 775 3893 est,
821 3815 1040 3879 minus
1099 3814 1454 3901 diligenter
1521 3816 1929 3882 custoditum
1976 3815 2337 3881 decidebat.
2431 3814 2631 3880 Unde
2692 3822 2763 3883 et

658 3923 958 3983 nostrum
990 3916 1440 3984 molendinum
1469 3919 1570 3983 ita
1599 3918 2073 3985 deterioratum
2104 3922 2206 3985 est
2252 3918 2432 4004 quod
2461 3918 2548 3983 ad
2592 3919 2762 3983 nihil

657 4020 824 4087 utile
854 4025 955 4086 est
999 4021 1354 4087 redactum.
1447 4021 1661 4109 Super
1692 4044 1824 4107 quo
1853 4022 2053 4108 longa
2083 4020 2478 4108 disceptatio
2526 4020 2762 4086 habita

657 4124 674 4154 “
696 4123 876 4189 erat'
923 4145 1072 4189 cum
1103 4124 1169 4188 N
1173 4124 1426 4189 icholao
1454 4124 1664 4189 fratre
1694 4122 2041 4190 Willielmi
2084 4122 2399 4210 praedicti,
2430 4123 2519 4187 ad
2564 4145 2759 4209 quem

658 4226 975 4313 possessio
1035 4228 1152 4291 illa
1196 4226 1514 4293 devoluta
1557 4231 1672 4293 est.
1770 4226 1977 4313 Cujus
2044 4226 2542 4313 disceptationis
2607 4227 2760 4291 finis

659 4334 818 4408 erat,
848 4328 1023 4417 quod
1067 4330 1208 4417 ipse
1244 4328 1310 4393 N
1313 4328 1608 4395 icholaus
1649 4329 1971 4395 fossatum
2016 4334 2086 4395 et
2128 4327 2352 4394 sedem
2396 4330 2761 4395 molendini

727 4622 740 4653 ¹
777 4621 1092 4688 additionem]
1129 4620 1478 4686 adjectionem,
1501 4620 1563 4670 1².
1822 4621 1839 4651 ⁴
1874 4617 2115 4687 Boltona]
2154 4620 2380 4689 wanting
2403 4622 2458 4673 in
2483 4624 2544 4675 P.

727 4704 748 4732 ²
777 4719 860 4751 xx.
883 4700 1163 4767 solidorum]
1203 4700 1429 4767 wanting
1453 4700 1504 4751 in
1525 4701 1584 4752 1².
1820 4703 1841 4731 ⁸
1871 4699 2202 4767 conlimitavit]
2242 4704 2583 4765 confirmabat,
2606 4703 2668 4756 1².

727 4784 748 4813 a
767 4781 892 4853 9'0]
929 4780 1163 4847 acceptis,
1182 4782 1245 4833 P,
1822 4782 1843 4811 ⁸
1874 4781 2117 4847 croyavit]
2157 4785 2415 4848 erogabat,
2440 4785 2501 4837 P.
