3519 5734
804 828 810 835 ’
842 842 975 907 430
1394 859 1743 911 memus
1787 858 2007 911 Annas
2053 864 2404 914 snmus,

504 1034 553 1085 A
559 1034 643 1086 ..D
673 1039 795 1087 1221
838 1028 1184 1108 elebantur,
1250 1039 1403 1120 post
1460 1034 1729 1122 longam
1803 1038 2323 1104 controversiam
2397 1038 2554 1103 inde
2627 1036 2952 1115 habitam,

505 1108 689 1153 -1235.

500 2269 617 2321 Suit
634 2286 713 2323 re·

500 2410 699 2467 pastus-e
720 2407 776 2458 in

500 2471 721 2525 Ockton.

497 2582 693 2635 1:511».

838 1140 1209 1201 cmucatam
1253 1136 1497 1203 illam
1519 1139 1591 1202 in
1622 1136 1982 1217 Oktona,'¹
2031 1161 2153 1227 pro
2184 1160 2318 1225 qua
2347 1144 2496 1207 octo
2541 1141 2781 1206 solidos
2823 1163 2948 1205 an-

836 1238 1095 1302 nuatim
1158 1238 1431 1307 reddere
1494 1239 1905 1321 tenebamur,
1975 1240 2048 1305 in
2113 1263 2350 1328 puram
2415 1247 2487 1308 et
2551 1248 2946 1331 perpetuam

836 1339 1029 1405 nobis
1073 1343 1392 1409 concessit
1436 1343 1930 1429 eleemosynam.
2009 1344 2102 1410 Et
2132 1344 2214 1409 de
2243 1346 2389 1431 ipsa
2431 1349 2503 1411 et
2547 1345 2630 1411 de
2673 1344 2946 1432 reliquis

839 1447 879 1505 2
912 1444 1240 1511 carucatis
1282 1449 1479 1512 terrae
1522 1445 1820 1512 chartam
1865 1468 2054 1513 suam
2083 1447 2344 1534 qualem
2374 1448 2710 1514 voluimus
2751 1447 2952 1513 nobis

836 1544 1062 1611 dedit:
1126 1546 1229 1611 ita
1287 1552 1511 1613 tamen
1555 1549 1734 1634 quod
1799 1549 2058 1635 quoties
2125 1549 2444 1615 damnum
2507 1550 2776 1636 aliquod
2839 1550 2948 1615 in-

834 1669 1241 1714 curreremus
1313 1672 1433 1737 pro
1507 1649 1768 1715 defectu
1839 1652 2192 1718 warantiae
2265 1651 2372 1717 sui
2438 1652 2548 1717 vel
2622 1652 2944 1718 heredum

830 1772 1119 1833 suorum,
1166 1752 1366 1817 toties
1428 1752 1569 1839 ipse
1614 1757 1684 1818 et
1728 1752 2000 1819 heredes
2041 1754 2168 1834 sui,
2213 1754 2356 1820 sine
2399 1754 2942 1833 contradictione,

832 1855 1015 1940 operi
1081 1854 1364 1939 ecclesiae
1408 1855 1637 1943 Sancti
1682 1855 1729 1920 J
1732 1855 2013 1921 ohannis
2060 1855 2550 1931 Beverlacensis
2595 1855 2944 1922 dimidiam

790 1960 804 1979 ⁶
830 1978 1119 2023 marcam
1164 1958 1433 2023 nomine
1476 1978 1693 2044 poenae
1739 1957 2153 2039 exhiberent,
2183 1963 2254 2025 et
2295 1960 2568 2048 insuper
2597 1960 2792 2025 nobis
2818 1980 2944 2046 pro

833 2059 1077 2125 damno
1140 2060 1224 2125 ad
1286 2060 1637 2141 arbitrium
1684 2059 1963 2148 capituli
2008 2060 2500 2128 Beverlacensis
2563 2061 2944 2128 satisfacere

832 2166 1257 2244 tenerentur;
1317 2167 1389 2228 et
1430 2162 1650 2243 etiam,
1698 2163 1787 2229 ad
1829 2162 2161 2229 residuam
2226 2164 2729 2252 suppletionem,
2770 2186 2946 2252 prae-

831 2264 1009 2331 fatus
1052 2264 1100 2331 J
1103 2264 1395 2331 ohannes
1438 2264 1663 2331 decem
1706 2287 1960 2331 marcas
2022 2265 2215 2331 nobis
2274 2266 2707 2354 persolvebat.
2823 2266 2948 2332 In·

830 2372 1033 2448 terea,
1096 2368 1143 2433 J
1146 2367 1433 2433 ohannes
1493 2367 1671 2433 filius
1739 2367 1787 2432 J
1791 2368 2073 2433 ohannis
2141 2368 2223 2434 de
2283 2369 2558 2435 Oktona
2615 2370 2691 2435 in
2755 2370 2944 2436 curia

832 2469 1086 2535 domini
1128 2470 1301 2556 regis
1328 2491 1451 2535 nos
1480 2470 1908 2551 sollicitabat,
1937 2492 2058 2557 pro
2103 2492 2180 2536 eo
2211 2471 2389 2557 quod
2433 2493 2554 2537 nos
2597 2476 2940 2559 pasturam

830 2588 894 2637 D.
928 2572 1167 2638 ovibus
1210 2573 1283 2637 in
1316 2572 1601 2650 Oktona,
1632 2571 1814 2637 ultra
1842 2578 2188 2659 pasturam
2231 2573 2319 2638 ad
2361 2578 2612 2639 terram
2639 2578 2940 2641 nostram

747 2738 753 2745 ,
826 2674 1074 2739 ibidem
1117 2673 1580 2760 pertinentem,
1582 2672 1610 2709 ²
1639 2674 1864 2739 conati
1892 2696 2119 2739 sumus
2163 2674 2510 2741 exercere.³
2579 2677 2944 2743 Asserebat

824 2781 1049 2841 autem
1094 2776 1309 2844 dictus
1353 2775 1400 2841 J
1404 2777 1694 2842 ohannes
1737 2777 1950 2863 ipsam
1993 2785 2335 2866 pasturam
2365 2794 2432 2843 D.
2467 2778 2698 2844 ovium
2719 2778 2942 2855 nobis

762 2957 769 2964 ὁ
827 2880 1133 2946 collatam
1200 2880 1479 2946 eandem
1546 2901 1684 2945 esse
1727 2885 2067 2975 pasturam
2112 2903 2262 2967 quse
2325 2886 2571 2947 terram
2636 2888 2938 2949 nostram

826 2982 1073 3048 ibidem
1102 2982 1462 3048 secundum
1483 2983 2027 3049 consuetudinem
2053 2983 2182 3050 loci
2203 2983 2650 3072 contingebat.
2711 2985 2938 3068 Unde,

826 3085 1174 3171 pacificata
1240 3084 1468 3150 eadem
1536 3084 1894 3164 simultate,
1964 3085 2236 3172 praefato
2303 3085 2599 3152 Johanni
2660 3089 2940 3154 eandem

825 3195 1167 3272 pasturam
1232 3187 1319 3251 ad
1366 3204 1437 3251 D.
1509 3207 1667 3253 oves
1732 3187 1807 3252 in
1870 3188 2055 3253 curia
2121 3187 2417 3254 domini⁴
2461 3189 2638 3277 regis
2680 3190 2940 3257 relaxa—

825 3289 1104 3368 bamus3
1164 3289 1351 3354 salva
1392 3295 1619 3354 tamen
1660 3289 1857 3356 nobis
1901 3277 2174 3376 pastura
2217 3291 2596 3378 pertinente
2639 3292 2729 3358 ad
2771 3313 2938 3358 xxx.

826 3390 1103 3457 bovatas
1148 3396 1347 3457 terrae‘
1372 3412 1535 3479 quas
1579 3388 1884 3456 ibidem⁶
1927 3391 2349 3479 possidemus.
2438 3393 2538 3459 At
2581 3395 2721 3481 ipse
2765 3417 2938 3482 prae-

822 3493 1002 3559 fatus
1046 3494 1093 3559 J
1095 3493 1384 3560 ohannes
1428 3502 1563 3560 tres
1606 3499 1964 3571 carucatas,
2010 3516 2172 3580 quas
2227 3495 2312 3561 de
2355 3494 2546 3561 feodo
2593 3495 2936 3564 Godeffidi

827 3593 910 3661 de
979 3594 1329 3682 Harpham
1395 3595 1645 3663 ibidem
1713 3602 2032 3678 tenemus,
2095 3596 2287 3662 nobis
2354 3597 2806 3678 confirmabat,
2861 3605 2936 3665 et

821 3697 998 3784 ipsas
1042 3719 1159 3764 sex
1216 3698 1497 3765 bovatas
1564 3705 1759 3765 terrae
1821 3721 1985 3784 quas
2029 3698 2111 3764 de
2155 3700 2298 3786 ipso
2356 3701 2760 3779 tenebamus,
2808 3723 2932 3789 pro

825 3800 1066 3887 quibus
1110 3801 1384 3868 reddere
1426 3801 1824 3868 forinsecum
1885 3801 2232 3867 servitium
2299 3803 2686 3881 solebamus,
2731 3804 2934 3869 simul

822 3910 895 3970 et
936 3904 1155 3992 ipsum
1199 3905 1565 3985 servitium,
1612 3905 1686 3968 in
1729 3926 1966 3990 puram
2009 3903 2509 3990 eleemosynam,
2540 3906 2800 3991 quietas
2843 3906 2932 3972 ab

822 4010 1003 4074 omni
1033 4007 1309 4075 servitio
1352 4006 1547 4072 nobis
1591 3997 1976 4087 relaxabat,
1961 4030 1976 4044 ·
2023 4011 2093 4071 et
2133 4027 2544 4072 communem
2585 4014 2932 4095 pasturam

821 4113 895 4177 in
938 4111 1167 4178 eadem
1209 4109 1391 4189 villa,
1435 4114 1759 4196 quantum
1822 4109 2116 4195 pertinet
2158 4109 2245 4173 ad
2303 4109 2656 4196 praedictas
2697 4115 2928 4190 terras,

820 4214 1132 4281 videlicet
1193 4235 1353 4280 xxx.
1355 4211 1383 4249 ⁶
1444 4210 1726 4278 bovatas
1801 4218 1999 4278 terrae
2065 4232 2226 4330 quas
2289 4211 2539 4277 ibidem
2601 4219 2926 4294 tenemus,

820 4317 1011 4383 nobis
1054 4315 1470 4383 concedebat.

887 4541 901 4571 ¹
940 4539 989 4588 in
1020 4536 1245 4603 Oktona]
1282 4533 1513 4600 wanting
1534 4535 1588 4586 in
1611 4535 1671 4584 P.
1988 4533 2008 4562 ⁴
2039 4531 2245 4598 domini]
2283 4531 2459 4596 ipsius,
2480 4531 2541 4584 P.

884 4621 905 4650 ²
930 4616 1275 4686 pertinentem]
1314 4615 1707 4680 contingentem,
1729 4612 1791 4664 P.
1984 4613 2005 4642 ⁸
2039 4611 2238 4680 ibidem]
2277 4611 2332 4660 in
2355 4613 2530 4664 eadem
2549 4612 2691 4674 villa,
2713 4611 2776 4663 P.

887 4700 908 4729 ⁸
939 4699 1107 4748 conati
1138 4736 1151 4749 .
1188 4735 1203 4750 .
1236 4694 1485 4760 exercere]
1520 4693 1828 4746 vendicaba-
1983 4693 2004 4724 ⁸
2038 4699 2196 4742 terras
2227 4727 2242 4743 .
2279 4729 2292 4742 .
2330 4728 2344 4743 .
2384 4691 2534 4760 xxm]
2573 4697 2605 4742 6
2627 4693 2854 4756 bovatas,
2875 4701 2929 4746 et

817 4793 949 4841 mus,
973 4778 1033 4829 P.
1643 4792 1652 4799 ·
1866 4799 1868 4802 >
1918 4773 2100 4824 alteras
2121 4778 2203 4834 2⁴,
2227 4771 2287 4824 P.
