3519 5734
744 841 871 906 166
1061 919 1068 928 .
1265 853 1637 906 Pmurrus
1680 853 1897 906 Annas
1940 855 2320 906 sscmmus

407 1043 547 1094 ΔΑ).
577 1041 704 1088 1160
743 1029 1146 1115 Greynaeby,
1192 1029 1372 1095 dicta
1417 1029 1725 1096 Emelina
1788 1035 1857 1096 et
1918 1029 2207 1096 Thomas
2262 1028 2444 1094 filius
2494 1027 2638 1114 ejus
2680 1048 2849 1115 pra-

409 1117 470 1162 ‘¹
485 1114 592 1160 ¹⁸²·
746 1133 1058 1219 scriptam
1123 1133 1578 1200 venditionem
1651 1134 1947 1200 dimidiae
2008 1139 2337 1200 carucatae
2400 1138 2597 1200 terroe
2658 1131 2850 1197 nobis

747 1236 1267 1316 confirmarunt3
1313 1245 1380 1302 et
1423 1237 1564 1324 ipse
1609 1235 1895 1302 Thomas
1938 1259 2145 1302 unum
2192 1237 2457 1318 toftum,
2504 1236 2851 1302 continen-
2922 1235 2927 1240 ’

749 1345 886 1406 tem
929 1361 1132 1405 unam
1177 1361 1415 1421 aeram,
1459 1345 1596 1406 tres
1655 1340 2013 1427 perticatas
2073 1345 2145 1406 et
2204 1345 2341 1406 tres
2385 1343 2609 1427 partes
2652 1337 2853 1404 unius

749 1443 1090 1529 perticatae
1145 1447 1359 1522 terrae,
1427 1447 1498 1509 et
1529 1447 1681 1510 octo
1737 1443 2098 1530 perticatas
2160 1442 2323 1508 alibi
2380 1441 2457 1507 in
2518 1440 2849 1519 Beforthe,

747 1546 940 1610 nobis
1004 1545 1272 1634 insuper
1347 1545 1736 1612 conferebat.
1846 1545 2085 1612 Petrus
2146 1550 2369 1611 autem
2436 1545 2519 1611 de
2588 1543 2851 1621 Setona,

749 1649 967 1714 dictus
1009 1649 1070 1714 le
1117 1649 1376 1726 Barne,1
1425 1649 1541 1736 qui
1601 1650 2057 1737 praescriptam
2100 1649 2407 1714 Aviciam
2426 1647 2457 1684 ²
2499 1647 2707 1713 filiam
2751 1668 2850 1712 se-

749 1753 1034 1821 cundam
1080 1753 1244 1819 'dicti
1305 1751 1589 1818 Galfridi
1652 1753 2097 1841 desponsavit,
2142 1757 2357 1818 totam
2415 1753 2600 1817 illam
2645 1750 2851 1839 parti-

753 1858 970 1922 culam
1017 1862 1213 1922 terrae
1242 1877 1389 1942 quae
1434 1856 1866 1942 protenditur
1904 1877 2025 1943 per
2053 1856 2340 1921 mediam
2372 1860 2628 1922 curtem
2658 1855 2856 1920 dictae

748 1960 1041 2046 giangiae
1085 1961 1328 2024 nostrae
1397 1958 1480 2023 de
1543 1958 1748 2037 Mora,
1797 1958 2153 2025 habentem
2222 1961 2307 2025 49
2361 1958 2715 2045 perticatas
2780 1957 2855 2021 in

745 2061 1169 2166 longitudine
1233 2064 1304 2128 et
1364 2082 1568 2126 unam
1630 2061 2023 2149 perticatam
2085 2062 2160 2126 in
2225 2061 2600 2140 latitudine,
2665 2059 2855 2125 nobis

749 2165 1083 2230 concessit.
1175 2163 1391 2244 Quam
1451 2164 1877 2254 donationem
1936 2164 2321 2252 praescripta
2369 2164 2610 2230 Avicia
2628 2163 2656 2202 ³
2701 2184 2853 2228 con-

749 2267 1036 2347 firmans,
1084 2272 1234 2353 post
1296 2273 1580 2333 mortem
1641 2267 1777 2332 viri
1842 2267 1965 2350 sui,
2025 2268 2359 2354 quandam
2421 2272 2668 2333 terram
2730 2266 2851 2331 sub

750 2369 932 2436 curia
975 2369 1172 2436 dictae
1214 2370 1510 2458 grang-ise
1555 2370 1638 2436 de
1684 2371 1877 2436 Mora
1928 2394 1969 2436 a
2030 2375 2219 2458 parte
2276 2369 2659 2458 aquilonali,
2705 2391 2853 2456 quae

749 2472 952 2538 habet
993 2495 1195 2539 unam
1255 2473 1647 2560 perticatam
1709 2473 1783 2537 in
1846 2473 2205 2538 latitudine
2262 2478 2333 2539 et
2393 2477 2480 2540 34
2525 2474 2598 2540 in
2642 2473 2853 2560 longi-

748 2575 997 2653 tudine,
1041 2580 1388 2662 totamque
1433 2582 1678 2643 terram
1725 2576 1800 2640 in
1840 2576 2031 2641 Mora
2058 2577 2141 2642 de
2186 2597 2307 2642 sua
2350 2576 2627 2641 dimidia
2666 2597 2851 2642 caru-

749 2685 912 2759 cata,
960 2700 1169 2743 unum
1213 2679 1480 2757 toftum,
1523 2678 1714 2744 xviii.
1761 2700 1943 2744 acras
2005 2700 2155 2744 eum
2222 2700 2358 2744 una
2415 2679 2741 2765 perticata
2782 2682 2854 2742 et

747 2780 1042 2860 dimidia,
1089 2787 1158 2846 et
1223 2787 1360 2846 tres
1421 2781 1725 2847 selliones
1786 2787 1999 2861 terrae,
2044 2780 2236 2847 nobis
2296 2782 2566 2869 insuper
2632 2803 2854 2846 conce-

749 2884 969 2950 debat.
1061 2884 1166 2951 De
1209 2890 1388 2951 terra
1429 2889 1654 2950 autem
1699 2884 1923 2951 tertiae
1974 2884 2212 2951 sororis
2258 2884 2580 2966 Matildis,
2628 2884 2848 2951 Ricar-

749 2986 874 3051 dus
933 2988 1210 3053 maritus
1277 3008 1436 3053 suus
1501 2988 1820 3053 concessit
1890 2987 2084 3053 nobis
2146 3009 2265 3076 pro
2333 2988 2557 3054 decem
2624 2986 2851 3053 solidis

749 3094 966 3155 totam
1023 3094 1270 3156 terram
1329 3106 1478 3176 quae
1529 3090 1856 3178 pertinuit
1919 3090 2008 3156 ad
2074 3090 2419 3157 dimidiam
2480 3095 2851 3156 carucatam

749 3215 936 3259 suam
965 3193 1037 3258 in
1083 3194 1290 3259 Mora.
1383 3192 1600 3272 Quam
1645 3194 2075 3259 donationem
2118 3194 2265 3281 ipsa
2308 3193 2607 3259 Matildis
2628 3194 2655 3230 ⁴
2698 3197 2851 3281 post

747 3303 1024 3364 mortem
1068 3296 1196 3363 viri
1238 3296 1343 3363 sui
1373 3296 1783 3374 confirmans,
1813 3296 2005 3362 dedit
2042 3297 2233 3363 nobis
2275 3318 2479 3363 unam
2522 3297 2849 3361 culturam

748 3400 1196 3466 continentem
1225 3400 1362 3465 viii.
1409 3399 1764 3485 perticata-s
1812 3400 1889 3465 in
1932 3399 2307 3477 latitudine,
2352 3406 2422 3466 et
2465 3421 2673 3465 unum
2718 3400 2850 3465 tof-

748 3508 894 3568 tum
938 3504 1012 3566 in
1059 3500 1386 3579 Beforthe‚
1431 3507 1511 3567 ut
1555 3507 1789 3589 postea
1832 3502 2169 3569 referetur.
2261 3503 2354 3568 Et
2399 3525 2627 3569 eorum
2671 3502 2848 3567 filius

675 3624 682 3629 ·
751 3604 1045 3692 Rogerus
1111 3609 1246 3669 tres
1311 3603 1518 3670 tostos
1579 3609 1649 3669 et
1714 3605 1879 3670 duas
1944 3606 2227 3671 bovatas
2292 3611 2489 3673 terrae
2557 3606 2641 3671 de
2706 3606 2849 3692 ipsa

749 3706 1031 3771 dimidia.
1104 3712 1408 3772 carucata
1482 3727 1605 3771 sua
1625 3704 1652 3741 ⁵
1725 3706 1921 3773 nobis
1994 3708 2199 3773 etiam
2274 3706 2621 3795 erogavit.⁶
2742 3707 2847 3772 De

747 3814 928 3874 terra
971 3812 1197 3875 autem
1242 3811 1284 3873 4
1343 3808 1580 3873 sororis
1625 3808 1719 3874 sic
1762 3808 2063 3876 refertur.
2155 3810 2441 3876 Thomas
2490 3810 2670 3876 filius
2716 3810 2847 3875 Ro·-

745 3910 888 3999 geri
951 3910 1032 3975 de
1095 3902 1502 3996 Greynesby,
1555 3910 1637 3976 de
1705 3932 1837 3997 quo
1899 3912 2160 3990 dicitur,
2226 3912 2533 3978 dominus
2590 3912 2847 3978 medius

747 4014 994 4080 residui
1038 4014 1329 4100 ipsarum
1374 4012 1655 4079 duarum
1715 4020 2169 4080 carucatarum
2228 4020 2441 4097 terrae,
2488 4014 2675 4083 dedit
2730 4015 2847 4081 ho-

747 4118 1038 4205 magium
1082 4121 1152 4181 et
1195 4114 1540 4181 servitium
1571 4115 1846 4181 Roberti
1874 4116 1997 4181 filii
2041 4121 2109 4182 et
2153 4117 2411 4183 heredis
2452 4118 2845 4206 supradictae

748 4219 980 4285 Aliciae
1041 4222 1114 4285 et
1177 4217 1492 4283 heredum
1558 4240 1827 4285 suorum
1896 4219 2187 4287 Roberto
2253 4220 2501 4287 Talono
2518 4218 2543 4259 ⁷
2602 4221 2684 4287 de
2729 4243 2849 4287 sua

2417 4406 2560 4413 ----
2589 4406 2839 4413 ——-.-.

817 4512 831 4541 ¹
868 4506 1027 4559 dictus
1066 4507 1109 4558 Ie
1141 4508 1343 4575 Bar-ne]
1382 4510 1546 4561 dictus
1583 4524 1744 4575 puer3
1912 4512 1931 4541 ³
1963 4510 2083 4577 sua]
2122 4511 2351 4577 wanting
2373 4510 2427 4560 in
2452 4512 2511 4563 1’.

749 4605 814 4641 an
839 4589 1210 4639 interlineation
1233 4589 1287 4638 in
1310 4590 1371 4641 1.
1910 4592 1931 4620 ⁸
1965 4592 2105 4641 etiam
2144 4592 2385 4657 croyavit]
2422 4593 2629 4657 insuper
2668 4606 2845 4647 eonce-

814 4674 835 4701 ²
868 4668 1122 4735 Avict'am]
1160 4668 1431 4731 Amiciam,
1453 4670 1514 4719 P.
1845 4672 2007 4730 debat,
2031 4670 2090 4720 P.

813 4752 834 4780 ⁸
867 4748 1078 4813 Avicia]
1116 4748 1334 4811 Amicis,
1358 4749 1416 4799 P.
1912 4748 1931 4779 ³
1974 4748 2183 4817 Talono]
2223 4750 2471 4815 Thalono,
2495 4748 2555 4803 P.

814 4831 834 4860 ⁴
867 4831 980 4895 ipsa
1003 4826 1262 4895 Matildis]
1299 4828 1570 4879 interlined
1593 4826 1648 4877 in
1669 4828 1730 4879 P.
