3519 5734
472 1053 609 1106 A.D.
624 1057 749 1103 1159

468 1127 653 1172 -1185.

474 1217 786 1283 Expedition

812 857 941 920 182
1332 871 1695 921 anrrus
1741 869 1958 922 AssAs
2004 871 2380 922 sscunnus

811 1068 1025 1114 mersa
1066 1069 1183 1136 per
1226 1049 1404 1138 ripas
1464 1049 1742 1115 inventa
1803 1054 1978 1115 sunt.
2087 1051 2236 1115 Hoc
2301 1047 2570 1136 quidem
2614 1052 2909 1134 tempore

808 1149 985 1216 facta
1026 1157 1129 1216 est
1194 1152 1530 1240 expeditio
1576 1151 1988 1218 Waldemari
2047 1152 2220 1240 regis
2282 1153 2623 1219 Danorum
2681 1159 2910 1216 contra

474 1287 533 1336 of
547 1285 754 1336 Walde-
810 1275 1100 1342 paganos
1143 1254 1637 1341 Wyneclandiae
1690 1277 1838 1322 cum
1895 1277 2080 1322 mccc.
2113 1255 2414 1322 navibus.
2507 1254 2638 1321 Cui
2689 1275 2908 1319 occur—

472 1367 582 1402 mar
601 1351 663 1402 of

472 1419 737 1470 Denmark

476 1491 677 1604 'Vinetsat

474 1619 739 1682 (Pomera-

474 1688 603 1751 nia.)

478 1779 775 1830 Succession

476 1845 540 1895 of
556 1861 683 1910 pope

474 1913 665 1963 Lucius
685 1911 785 1964 111.

475 1995 666 2046 Works
684 1996 746 2047 of

473 2062 655 2114 Petrus

478 2129 749 2184 comestor.

477 2298 759 2352 Jerusalem

478 2365 627 2416 taken
650 2369 720 2433 by

476 2432 563 2482 the
586 2433 703 2484 Sar-

475 2514 664 2551 racens.

476 2579 661 2644 Origin
684 2582 745 2631 of

476 2646 561 2695 the
586 2645 737 2697 Tem-

474 2711 625 2775 plats.

477 3366 595 3417 f.21
625 3366 670 3417 b.

476 3542 612 3593 A.D.
643 3546 769 3593 1154

474 3612 657 3659 -1181,

476 3688 773 3740 Succession

477 3757 539 3807 of
550 3756 736 3820 Roger,

476 3821 777 3887 ΙΙΙὍΙΙΜΒΙΙΟΡ
808 3834 971 3904 regis
1023 3832 1271 3887 Hemici
1328 3830 1569 3887 secundi
1622 3829 1960 3902 capellanus
2009 3833 2072 3884 et
2123 3827 2561 3885 Cantuariensis
2616 3827 2904 3884 archidia-

476 3888 535 3939 of
550 3888 707 3940 York.

809 1357 902 1422 rit
949 1357 1277 1424 Henricus
1321 1358 1462 1422 dux
1492 1358 1829 1426 Saxonum
1861 1358 1934 1423 in
1964 1358 2287 1424 auxilium
2318 1380 2466 1423 cum
2499 1361 2586 1423 30
2615 1357 2908 1422 millibus

809 1461 1101 1526 militum
1164 1465 1232 1526 et
1295 1463 1599 1548 peditum
1664 1462 2138 1528 innumerabili
2218 1461 2528 1527 exercitu.
2641 1461 2907 1525 Mortuo

809 1569 1035 1630 autem
1066 1564 1447 1630 Alexandro
1476 1587 1649 1653 papa
1682 1569 1741 1647 3,
1777 1565 2018 1630 Lucius
2049 1569 2090 1630 3
2138 1565 2410 1654 natione
2440 1563 2688 1630 Tuscus
2731 1564 2907 1628 sedit

808 1666 1003 1732 annis
1048 1669 1109 1748 4,
1156 1667 1493 1733 mensibus
1540 1671 1599 1750 2,
1647 1667 1882 1734 diebus
1931 1670 2033 1734 18.
2149 1667 2413 1733 Floruit
2476 1667 2608 1732 hiis
2674 1665 2907 1732 diebus

812 1771 1047 1836 Petrus
1095 1768 1521 1850 Commestor,
1566 1771 1681 1857 qui
1725 1772 2067 1858 utriusque
2111 1770 2521 1836 Testamenti
2562 1769 2906 1836 historiam

812 1895 962 1960 quae
1005 1873 1252 1939 dicitur
1296 1873 1699 1941 Scholastica
1742 1874 2145 1962 compilavit,
2193 1878 2264 1939 et
2292 1873 2670 1960 allegoriam
2713 1893 2909 1959 super

811 1977 1039 2044 eadem
1085 1976 1509 2043 Testamenta
1566 1977 1640 2042 in
1704 1999 1914 2043 unum
1956 1976 2202 2042 librum
2245 1975 2590 2042 metricum
2632 1975 2906 2063 redegit,

811 2104 1008 2169 quem
1053 2086 1125 2150 et
1168 2081 1490 2147 Auroram
1523 2082 1539 2118 ¹
1589 2081 1982 2147 intitulavit.
2075 2079 2198 2146 Oui
2249 2081 2449 2146 Lucio
2499 2079 2818 2146 Urbanus
2865 2083 2906 2146 3

810 2206 981 2272 papa
1008 2185 1357 2251 succedens
1400 2184 1576 2251 sedit
1606 2205 1780 2248 anno
1809 2205 1959 2262 uno,
1993 2182 2324 2249 mensibus
2373 2187 2477 2263 10,
2524 2182 2756 2249 diebus
2799 2185 2905 2248 25.

812 2289 1037 2378 Hujus
1081 2294 1373 2375 tempore
1418 2293 1614 2374 capta
1657 2293 1759 2352 est
1791 2287 2195 2372 lerosolyma
2223 2309 2272 2372 a·
2295 2285 2684 2352 Sarracenis.
2755 2284 2904 2366 Qui,

811 2413 960 2457 cum
998 2391 1083 2457 de
1126 2391 1585 2457 transmarinis
1614 2388 1915 2478 partibus
1944 2396 2086 2455 tam
2114 2388 2398 2454 flebilem
2441 2410 2579 2454 rem
2623 2388 2910 2454 audivis-

812 2499 928 2570 set,
978 2517 1113 2582 prae
1156 2493 1363 2560 nimio
1407 2493 1631 2559 dolore
1680 2491 1867 2559 obiit.
1963 2491 2154 2558 Circa
2199 2491 2340 2558 haec
2369 2497 2684 2579 tempora,
2729 2513 2906 2557 anno

812 2596 1121 2664 videlicet
1167 2597 1439 2663 Domini
1488 2599 1681 2675 1180,
1728 2595 1994 2683 incepit,
2026 2601 2106 2660 ut
2134 2595 2385 2675 dicunt,
2431 2594 2705 2681 quidam
2745 2595 2906 2661 ordo

810 2699 1329 2787 Templariorum
1372 2700 1550 2786 apud
1597 2697 2091 2785 Ierosolymam,
2125 2699 2198 2763 in
2227 2697 2488 2785 porticu
2520 2697 2903 2776 Salomonis,

812 2803 891 2869 de
921 2801 1249 2867 militibus
1272 2800 1597 2866 ordinatis
1624 2801 1713 2866 ad
1735 2801 2181 2869 defensionem
2215 2799 2754 2867 Christianitatis.
2815 2799 2906 2865 Et

812 2906 974 2971 dicti
1019 2910 1177 2971 sunt
1204 2904 1453 2971 milites
1482 2904 1757 2991 Templi,
1788 2906 1946 2991 quia
1973 2904 2217 2970 ibidem
2263 2905 2484 2970 sedem
2527 2905 2632 2971 sui
2661 2904 2908 2970 ordinis

812 3012 1210 3073 statuerunt.
1302 3007 1611 3073 Refertur
1661 3012 1891 3073 tamen
1935 3008 2151 3096 ipsum
2214 3004 2512 3073 ordinem
2563 3012 2723 3073 ante
2765 3008 2907 3095 ipsa
2965 3052 2977 3065 ·

812 3114 1111 3199 tempora
1154 3110 1505 3197 sumpsisse
1550 3111 1907 3176 exordium.

970 3368 1127 3434 CAP.
1176 3367 1296 3432 IX.
1341 3366 1439 3433 De
1483 3368 1735 3453 Roye‘ro
1783 3356 2196 3434 Ebordcenei
2239 3366 2749 3455 archiepiscopo.

902 3520 1167 3585 Mortuo
1229 3520 1401 3586 circa
1460 3542 1710 3585 annum
1754 3518 2026 3586 Domini
2074 3521 2267 3598 1154,
2313 3522 2610 3605 tempore
2654 3522 2906 3587 domini

812 3624 979 3690 Adae
1022 3622 1283 3689 abbatis
1325 3622 1535 3689 nostri
1594 3622 1810 3710 primi,
1856 3620 2214 3687 WilJielmo
2260 3620 2657 3688 Eboracensi
2700 3625 2907 3689 archi-

810 3726 1130 3815 episcope,
1165 3730 1247 3793 31
1286 3737 1673 3793 Eboracensis
1710 3734 2184 3807 archiepiscopus
2223 3735 2509 3791 successit
2536 3726 2599 3791 ei
2634 3734 2904 3809 Rogerus
2929 3728 3224 3847 ἓιὸῗῑζὲξῦ.

808 3942 1007 3991 conus,
1026 3931 1399 3982 consecratus
1424 3925 1497 3979 ab
1514 3922 1829 3981 Anastasio
1850 3940 2003 3994 papa
2017 3922 2072 3987 4,
2096 3938 2244 3977 anno
2267 3921 2505 3977 Domini
2528 3914 2904 4001 supradicto

806 4025 869 4074 et
901 4020 1090 4092 ipsius
1125 4018 1286 4091 regis
1321 4020 1531 4090 primo.
1594 4018 1717 4073 Iste
1754 4016 2046 4088 Bogerus,
2085 4032 2235 4069 anno
2269 4014 2640 4086 pontificatus
2680 4018 2774 4074 sui
2811 4016 2899 4083 15,

806 4105 1109 4161 coronavit
1154 4104 1218 4159 in
1270 4118 1476 4173 regem
1512 4101 1843 4156 Henricum
1889 4099 2078 4154 fflium
2127 4098 2360 4169 praefati
2415 4099 2578 4173 regis
2629 4102 2898 4169 Henrici,

808 4188 1021 4245 Sancto
1056 4189 1279 4244 Thema
1315 4184 1722 4243 cantuariensi
1757 4184 2194 4256 archiepiscopo
2230 4201 2337 4255 per
2371 4184 2532 4239 idem
2571 4190 2805 4261 tempus
2842 4188 2904 4244 in

808 4272 1019 4329 Galliis
1056 4272 1345 4328 exulante.
1418 4272 1718 4327 Praetextu
1752 4270 1921 4341 cujus
1957 4267 2346 4324 coronationis
2383 4270 2582 4339 gravis
2619 4272 2682 4327 in
2718 4274 2900 4329 eccle-

808 4357 899 4413 sia
932 4356 1260 4429 Anglicana
1312 4360 1442 4412 orta
1494 4360 1585 4411 est
1638 4352 1944 4410 dissensio.
2019 4348 2190 4406 Anno
2225 4368 2368 4406 vero
2405 4360 2704 4425 sequente,
2745 4357 2902 4415 idem

810 4442 1091 4509 Sanctus
1151 4450 1402 4505 Thomas
1463 4438 2002 4526 archiepiscopus,
2052 4444 2128 4500 ad
2185 4443 2524 4501 instantiam
2581 4448 2900 4507 Alexandri

804 4562 971 4617 papae
1007 4549 1067 4598 et
1102 4541 1395 4598 Lodowioi
1418 4544 1581 4616 regis
1606 4542 1988 4606 Francorum,
2015 4536 2400 4595 concordatus
2423 4544 2518 4597 est
2550 4540 2614 4598 in
2635 4544 2900 4615 partibus

804 4635 1212 4705 transmarinis
1266 4653 1403 4690 cum
1450 4652 1592 4707 rege
1636 4634 1898 4693 Hem-ico
1937 4636 2200 4700 seniore;
2257 4630 2372 4697 Sed
2414 4633 2566 4717 post
2609 4629 2900 4696 reditum

878 4819 891 4848 ¹
928 4816 1039 4869 The
1068 4817 1287 4881 Aurora,
1326 4832 1357 4867 a
1398 4812 1624 4867 meu-1081
1658 4830 1805 4880 para-
1897 4814 1982 4867 the
2002 4818 2146 4867 work
2167 4818 2226 4869 of
2256 4818 2438 4872 Petrus
2473 4820 2536 4872 de
2557 4818 2707 4887 Riga,
2730 4836 2894 4873 canon

811 4897 993 4964 phrase
1027 4896 1088 4949 of
1117 4897 1202 4948 the
1242 4896 1384 4961 Holy
1420 4892 1719 4959 Scriptum,
1758 4894 1804 4945 is
1900 4894 1961 4946 of
1974 4894 2197 4950 Rheims.
