3519 5734
823 833 954 899 294
1339 844 1768 900 ALEXANDER
1809 844 2027 902 ABBAS
2070 848 2404 912 QUARTUS.

483 1034 621 1086 ΑΛ).
650 1035 776 1088 1197
822 1047 1086 1092 causam
1129 1025 1263 1092 fine
1305 1025 1531 1092 debito
1559 1026 1800 1094 timore
1832 1027 2019 1094 ducti
2060 1027 2415 1096 terminare
2459 1048 2597 1094 non
2638 1031 2921 1116 possent,

481 1108 662 1154 '¹²¹⁰’
823 1130 1034 1218 ipsam
1081 1129 1347 1195 domino
1407 1153 1595 1218 papae
1654 1131 1951 1198 seriatim
2018 1137 2416 1199 censuerunt
2472 1132 2925 1215 referendam3

821 1233 1284 1300 attestationes
1328 1235 1532 1300 etiam
1577 1238 1646 1300 et
1691 1235 2097 1323 transcripta
2132 1239 2464 1302 cartarum
2506 1241 2877 1304 nostrarum
2899 1233 2920 1274 ¹

822 1336 1074 1424 pariter
1115 1336 1537 1415 destinantes,
1594 1341 1799 1423 atque
1844 1336 2021 1403 diem
2066 1338 2367 1425 partibus
2432 1360 2563 1426 quo
2624 1339 2701 1404 in
2762 1361 2925 1426 prse-

823 1439 1040 1506 sentia
1083 1439 1443 1526 apostolica
1486 1445 1945 1528 comparerent
1990 1442 2424 1530 praefigentes,
2520 1442 2737 1524 Quam
2779 1442 2924 1529 qui-

825 1543 976 1610 dem
1005 1563 1272 1608 causam
1301 1541 1698 1608 Willielmus
1726 1544 2108 1624 monachus,
2140 1549 2305 1610 tunc
2334 1545 2639 1632 supprior
2682 1549 2925 1624 noster,

825 1649 1210 1734 prosecutus
1255 1649 1371 1712 est.
1465 1643 1613 1725 Qui,
1659 1668 1810 1713 cum
1870 1646 1947 1712 in
2005 1647 2185 1712 curia
2244 1647 2547 1714 Romana
2596 1669 2713 1735 per
2748 1647 2929 1734 judi-

825 1749 1002 1814 cium
1047 1747 1244 1814 curiae
1265 1746 1293 1784 ²
1339 1746 1444 1813 bis
1503 1747 1951 1836 quadraginta
2009 1749 2241 1815 diebus
2291 1749 2564 1816 nuntios
2608 1749 2926 1838 archiepi-

504 1855 538 1904 f-
562 1860 644 1906 ³0·
825 1851 1006 1937 scopi
1076 1854 1534 1935 exspectasset,
1612 1855 1682 1917 et
1755 1872 1906 1918 cum
1980 1872 2117 1917 non
2193 1852 2548 1934 venissent,
2622 1853 2929 1918 dominus

823 1976 997 2042 papa
1039 1953 1312 2018 tandem
1355 1953 1571 2018 tribus
1629 1953 1996 2041 episcopiS,⁸
2046 1953 2322 2033 Eliensi‚
2368 1955 2813 2022 Lincolniensi
2863 1959 2932 2021 et

827 2056 1258 2134 Norwicensi,
1303 2056 1567 2143 scripsit
1607 2060 1677 2122 et
1721 2057 2055 2144 praecepit,
2097 2058 2430 2144 quatinus,
2462 2059 2675 2124 eidem
2719 2058 2930 2124 archi-

827 2159 1128 2246 episcopo
1175 2158 1457 2245 triginta
1499 2159 1739 2226 marcis
1784 2182 1827 2225 a
1856 2159 2061 2226 nobis
2079 2157 2106 2195 ⁴
2152 2160 2295 2227 sine
2340 2160 2730 2227 difficultate
2773 2183 2933 2247 qua-

826 2263 992 2328 libet
1053 2261 1418 2348 persolutis,
1480 2266 1727 2328 terram
1802 2262 2016 2349 ipsam
2090 2283 2209 2329 nos
2282 2262 2592 2341 facerent,
2664 2262 2931 2330 sublato

825 2364 1292 2452 appellationis
1333 2364 1639 2445 remedio,
1672 2365 1942 2453 pacifice
1986 2367 2334 2452 possidere.
2429 2366 2581 2448 Qui,
2612 2367 2935 2453 susceptis

824 2468 1072 2534 litteris
1139 2466 1536 2555 apostolicis,
1579 2468 1939 2535 abbatibus
1961 2467 1989 2506 ⁶
2033 2469 2115 2534 de
2182 2469 2389 2535 Parco
2434 2469 2641 2537 Ludae
2692 2476 2763 2536 et
2778 2467 2805 2507 ⁶
2850 2471 2933 2536 de

828 2570 1224 2637 Newehows
1243 2569 1270 2606 ⁷
1315 2593 1540 2637 curam
1582 2571 1770 2636 illam
1828 2575 1898 2638 et
1938 2594 2091 2638 suas
2134 2571 2311 2637 vices
2333 2570 2359 2608 ⁸
2422 2572 2933 2654 commiserunt3

830 2675 1093 2740 litteras
1139 2673 1348 2740 etiam
1394 2673 1648 2739 domini
1691 2697 1884 2762 papae
1942 2673 2386 2762 inspiciendas
2416 2675 2511 2742 eis
2556 2676 2935 2742 transmise-

827 2782 1004 2842 runt.
1101 2775 1128 2812 ⁹
1146 2775 1529 2842 Abbatibus
1574 2798 1729 2863 ergo
1776 2777 2179 2864 praescriptis
2224 2776 2471 2842 dictam
2502 2799 2765 2844 causam
2808 2780 2935 2844 sub

826 2880 1038 2945 forma
1081 2877 1310 2944 debita
1352 2880 1922 2971 prosequentibus,
1969 2880 2493 2969 archiepiscopus
2552 2887 2935 2949 constanter

831 2982 1073 3070 saepius
1140 2982 1478 3047 asserebat
1541 3004 1612 3049 se
1685 3004 1809 3049 nec
1882 2980 2097 3049 dictas
2163 3005 2325 3051 xxx,
2393 3006 2647 3051 marcas
2668 2983 2696 3022 ⁹
2760 2986 2931 3051 velle

496 3088 726 3169 Dec-idea
829 3086 1130 3173 recipere,
1194 3106 1314 3151 nec
1375 3090 1624 3151 terram
1675 3087 1869 3152 nobis
1929 3086 2323 3168 restituere3
2368 3086 2533 3152 dicti
2586 3088 2861 3155 abbates
2880 3088 2933 3125 ¹⁰

493 3161 808 3295 :511¹ssthss
832 3189 1234 3255 auctoritate
1301 3188 1553 3254 domini
1618 3211 1809 3276 papae
1871 3193 2119 3255 terram
2185 3190 2387 3269 illam,
2455 3190 2699 3257 scilicet
2766 3192 2933 3257 duas

832 3297 1168 3359 carucatas
1241 3296 1440 3359 terrae
1505 3292 1579 3357 in
1637 3286 1969 3383 'Waghna'
2015 3314 2166 3358 cum
2228 3292 2525 3381 passagio
2590 3294 2783 3359 fluvii
2850 3295 2934 3359 de

834 3395 1043 3460 Hullo
1093 3399 1164 3461 et
1223 3394 1532 3460 omnibus
1589 3394 1738 3459 aliis
1801 3394 2239 3482 pertinentiis,
2305 3395 2381 3460 in
2444 3396 2655 3483 ipsius
2720 3397 2931 3461 archi-

833 3498 1118 3586 episcopi
1165 3508 1235 3563 et
1292 3498 1654 3563 multorum
1713 3498 2082 3584 praesentia,
2140 3498 2477 3564 monachis
2526 3499 2772 3565 nostris
2816 3500 2933 3585 qui

831 3605 901 3665 et
947 3603 1108 3665 tunc
1136 3602 1509 3686 ‘praesentes
1568 3599 1849 3665 aderant
1905 3620 2025 3686 per
2082 3600 2373 3686 palmam
2418 3600 2700 3667 viridem
2742 3602 2934 3668 resti-

830 3705 1143 3782 tuerunt3
1187 3708 1256 3768 et
1299 3702 1738 3789 postmodum,
1770 3703 1844 3767 in
1873 3700 2161 3788 capitulo
2194 3702 2671 3785 Remi-lucensi,
2699 3704 2931 3769 multis

901 3977 915 4006 ¹
940 3974 1240 4039 nostrarum]
1269 3972 1646 4034 monachorum,
1669 3971 1732 4022 P.
1924 3981 2107 4024 verunt
2140 3972 2390 4038 quatinus,
2424 3972 2531 4023 illis
2564 3973 2830 4039 diligenter
2850 3974 2931 4024 in-

896 4058 918 4087 ²
929 4071 1024 4121 per
1048 4090 1062 4105 .
1086 4092 1100 4105 .
1123 4090 1138 4103 .
1161 4052 1340 4118 σανίσι]
1367 4052 1596 4116 wanting
1617 4052 1672 4103 in
1691 4051 1754 4103 P.
1926 4052 2123 4117 spec-‚tia
2185 4051 2444 4103 dominum
2504 4052 2933 4119 archiepiscopum

894 4137 914 4166 ³
936 4134 1088 4185 Aster
1108 4132 1348 4198 episcopis
1368 4129 1527 4181 insert
1547 4130 1752 4190 scilicet,
1779 4130 1835 4182 P.
1926 4130 2295 4182 Eboracensem
2316 4131 2609 4197 diligentius
2637 4132 2934 4183 inducerent

895 4214 915 4243 ⁴
937 4212 1099 4279 nobis]
1125 4210 1388 4261 monachis
1407 4208 1608 4268 nostris,
1628 4210 1688 4261 P.
1925 4216 1982 4260 ut
2004 4204 2068 4261 ab
2102 4210 2282 4261 abbate
2317 4212 2489 4261 no'stro
2524 4216 2590 4261 30
2612 4226 2823 4273 marcas,
2854 4227 2933 4261 se-

895 4295 916 4323 ⁵
937 4289 1356 4343 Asterabbatilm
1371 4288 1766 4349 insertWarino‚
1776 4289 1834 4341 P.
1928 4291 2147 4341 cundum
2166 4297 2392 4340 tenorem
2410 4290 2671 4355 apostolici
2692 4289 2933 4353 mandati,

895 4372 916 4400 ⁶
936 4370 1090 4421 Aster
1109 4377 1156 4419 et
1175 4368 1335 4419 insert
1353 4368 1636 4429 Lamherw,
1658 4368 1718 4420 P.
1926 4369 2183 4434 reciperet,
2221 4377 2272 4421 et
2308 4370 2456 4421 nobis
2491 4376 2676 4421 terram
2714 4378 2934 4435 praetax·

896 4453 916 4481 ⁷
948 4446 1257 4515 Newehowe]
1293 4447 1536 4513 meaning
1579 4447 1837 4499 Newmin·
1924 4455 2059 4500 atam
2092 4448 2389 4501 restitueret,
2456 4449 2573 4513 Quo
2605 4457 2773 4501 tamen
2811 4465 2935 4500 con-

835 4536 953 4590 stet,
977 4530 1034 4579 in
1055 4527 1531 4579 Nerthumberland.
1924 4534 2109 4579 stanter
2131 4529 2315 4595 saepius
2347 4538 2599 4581 asserente
2622 4544 2675 4581 se
2697 4535 2935 4581 neutrum

896 4613 916 4641 ⁸
935 4618 986 4661 et
1003 4646 1018 4662 .
1045 4646 1058 4659 .
1083 4646 1096 4659 .
1121 4607 1278 4674 vices]
1305 4606 1534 4672 wanting
1552 4606 1608 4657 in
1630 4606 1690 4658 P.
1922 4606 2125 4657 illorum
2173 4607 2439 4671 facturum,
2482 4608 2677 4659 scilicet
2728 4624 2823 4660 nec
2878 4624 2934 4661 se

899 4694 921 4722 ⁹
951 4686 1230 4740 Abbatibus
1251 4724 1266 4740 .
1298 4724 1315 4740 .
1349 4724 1365 4740 .
1399 4687 1618 4753 marcas]
1647 4687 1837 4739 Earum
1926 4687 2155 4739 denarios
2176 4687 2306 4751 illos,
2328 4688 2387 4739 P.

832 4786 1028 4837 quoque
1059 4766 1353 4821 auctoritate
1385 4766 1595 4819 firmiter
1627 4770 1836 4819 manda·
1990 4768 2030 4799 ¹⁰
2050 4765 2175 4818 dicei
2192 4766 2422 4834 abbates]
2448 4766 2543 4831 illi,
2567 4766 2628 4820 P.
