3519 5734
493 993 630 1045 A.D.
657 1001 676 1046 l
691 1000 800 1047 190.

490 1074 672 1125 breach
694 1078 756 1125 of

487 1139 570 1189 hia
586 1154 803 1207 engage-

489 1212 631 1255 ment
651 1216 704 1257 to

488 1271 572 1321 hin
593 1273 741 1325 sister

488 1336 675 1390 Alicia.

485 2618 666 2670 Tenns
687 2622 748 2669 of

395 2698 404 2707 ·
487 2697 784 2751 agreement

490 2752 717 2803 between

489 2818 577 2870 the
597 2825 698 2876 two

491 2885 665 2949 king&

567 3122 578 3134 “
617 3123 671 3173 in
697 3125 758 3174 of

487 3189 586 3239 Ric
621 3193 756 3241 ard's

488 3271 636 3306 name
659 3259 719 3308 of

487 3322 754 3376 Coeur-de-

489 3388 635 3440 Lion.

834 804 963 867 256
1435 818 1712 870 moins
1755 818 1973 867 ABBAs
2015 819 2319 869 rannus.

827 987 1033 1074 ipsius
1095 990 1402 1076 Philippi,
1448 990 1588 1077 ipse
1659 990 1979 1056 Ricardus
2042 1012 2161 1055 rex
2205 990 2547 1077 praefatam
2594 990 2923 1077 Barenga-

827 1090 994 1155 riam
1039 1092 1112 1156 in
1142 1093 1636 1158 matrimonium
1681 1093 1973 1178 quietius
2016 1092 2345 1170 retineret,
2378 1097 2447 1158 et
2474 1092 2638 1177 ipsae
2682 1092 2923 1158 litterae

828 1194 1110 1259 eundem
1155 1216 1377 1281 regem
1424 1194 1805 1280 Philippum
1852 1194 2289 1281 reprimerent
2331 1195 2405 1258 in
2450 1194 2804 1273 silentium,
2836 1218 2922 1259 ne

825 1317 942 1381 per
984 1296 1198 1381 ipsum
1274 1296 1590 1383 praefatus
1659 1296 1981 1361 Ricardus
2048 1302 2316 1383 propter
2376 1303 2663 1383 spretam
2726 1298 2922 1363 dictae

826 1396 1056 1462 Aliciae
1102 1398 1398 1484 copulam
1443 1397 1974 1463 calumniaretur.
2071 1398 2155 1462 In
2200 1399 2483 1463 crastino
2528 1404 2770 1478 autern,
2800 1422 2922 1464 rex

827 1498 1164 1577 RicarduS,
1193 1520 1386 1587 super
1414 1500 1544 1564 hiis
1590 1521 1807 1563 coram
1855 1500 2026 1564 clero
2073 1508 2141 1563 et
2186 1500 2425 1586 populo
2472 1521 2541 1564 se
2586 1522 2919 1582 excusans,

823 1601 1204 1687 publicabat
1249 1601 1613 1667 Henricum
1659 1602 1913 1666 dudum
1958 1607 2212 1687 patrem
2257 1623 2465 1680 suum,
2504 1602 2663 1666 dum
2707 1603 2920 1689 ipsam

823 1702 1106 1767 Aliciatn
1171 1702 1245 1765 in
1305 1724 1426 1767 sua
1467 1703 1771 1768 custodia
1832 1704 2168 1780 retineret,
2214 1704 2295 1768 de
2341 1725 2419 1768 ea
2463 1726 2666 1768 unam
2710 1705 2919 1769 filiam

822 1803 936 1867 sed
971 1806 1114 1888 jam
1158 1810 1484 1869 mortuam
1529 1826 1941 1890 procreasse;
1991 1826 2111 1869 nec
2156 1826 2308 1891 ergo
2354 1827 2497 1869 eam
2543 1828 2611 1869 se
2656 1806 2727 1869 in
2772 1828 2921 1871 con-

814 1903 1082 1991 jugium
1133 1904 1421 1991 [capere]
1472 1912 1621 1993 post
1665 1908 1873 1991 patris
1918 1907 2165 1972 coitum
2200 1907 2312 1992 jus
2354 1908 2789 1993 permitteret,
2822 1931 2923 1973 re-

823 2006 1204 2091 spondebat.
1314 2007 1462 2071 Hac
1524 2030 1678 2094 ergo
1745 2014 2013 2094 accepta
2073 2008 2509 2093 responsione,
2578 2009 2919 2095 Philippus

823 2129 962 2185 rex²
1010 2131 1127 2194 pro
1172 2130 1248 2173 eo
1293 2109 1469 2194 quod
1516 2110 1883 2174 Gisortium
1927 2132 2077 2174 oum
2120 2111 2538 2196 pertinentiis
2582 2117 2652 2175 et
2696 2110 2917 2176 decem

825 2210 1033 2274 millia
1077 2233 1338 2287 marcas,
1391 2234 1538 2297 quae
1583 2212 1918 2297 quondam
1980 2213 2119 2298 regi
2179 2214 2357 2297 patri
2400 2212 2604 2298 ipsius
2650 2212 2920 2278 Ricardi

824 2334 973 2377 cum
1037 2314 1316 2399 praefata
1378 2314 1594 2378 Alicia
1659 2315 1738 2378 ad
1808 2314 2017 2399 ipsius
2096 2313 2362 2378 Ricardi
2424 2315 2921 2379 matrimonium

825 2414 1146 2494 exhibuit,
1193 2438 1329 2480 non
1373 2416 1753 2495 rehabebat‚
1801 2416 1873 2479 in
1919 2415 2132 2479 minas
2163 2416 2484 2502 prorupit.
2574 2417 2921 2503 Magnates

822 2522 1048 2582 tamen
1093 2522 1162 2582 et
1205 2518 1414 2583 clerus
1459 2518 1869 2584 concordiam
1915 2518 2091 2582 inter
2132 2518 2308 2604 ipsos
2352 2518 2515 2583 duos
2557 2540 2741 2604 reges
2770 2540 2917 2605 pro-

823 2621 1160 2685 videbant.
1273 2620 1473 2685 Unde
1537 2643 1656 2685 rex
1722 2620 2046 2684 Ricardus
2119 2620 2337 2706 ipsum
2416 2620 2780 2685 Gisortium
2846 2628 2917 2687 et

825 2722 1046 2787 decem
1092 2722 1301 2785 millia
1361 2744 1613 2787 marcas
1680 2722 1820 2807 regi
1876 2722 2169 2787 Franciae
2215 2722 2566 2807 spopondit
2624 2723 2921 2789 redditu-

818 2844 1007 2887 rum:
1071 2829 1141 2887 et
1189 2824 1513 2889 ’continuo
1573 2846 1693 2889 rex
1738 2823 2086 2911 Philippus
2145 2824 2231 2889 ad
2276 2824 2681 2890 obsidionem
2724 2826 2919 2893 Acrae

820 2925 1199 3010 pacificatus
1262 2927 1659 3012 properavit.
1754 2926 2037 2991 Interim
2102 2931 2329 2991 autem
2391 2926 2733 3014 Philippus
2778 2930 2918 3014 ipse

820 3049 939 3091 rex
1007 3027 1319 3106 Franciae,
1386 3027 1459 3091 in
1531 3027 1758 3094 Sicilia
1826 3037 2282 3105 commoratus,
2350 3029 2589 3094 delicta
2650 3052 2917 3096 suorum

822 3130 1256 3208 dissimulanS,
1289 3129 1554 3194 nomine
1605 3130 1786 3216 Agni
1838 3131 2111 3194 sortitus
2164 3137 2281 3195 est.
2374 3130 2519 3195 Rex
2567 3153 2720 3198 vero
2773 3134 2917 3197 An·-

821 3233 972 3320 gliae
1021 3233 1359 3309 RicarduS,
1405 3233 1573 3296 nihil
1619 3233 1911 3298 inultum
1946 3233 2345 3316 relinquens»,
2389 3255 2631 3298 nomen
2676 3234 2915 3299 Le0nis

821 3335 1248 3423 promerebat.
1391 3335 1653 3398 Nomen
1745 3341 1970 3398 autem
2068 3335 2210 3419 ejus
2302 3335 2435 3399 fuit
2534 3345 2568 3370 “
2596 3337 2915 3402 Ricardus

825 3443 861 3472 ‘⁴
909 3437 1087 3516 Quer
1147 3438 1226 3502 de
1287 3436 1446 3522 lyon
1472 3436 1545 3517 ;”
1611 3435 1787 3523 quod
1846 3437 2339 3523 interpretatur,
2405 3445 2441 3474 “
2467 3439 2595 3504 Cor
2652 3439 2915 3506 leoni8.”

824 3539 1018 3618 Quod
1083 3561 1323 3604 nomen
1368 3540 1590 3604 ferunt
1653 3539 1861 3624 aliqui
1930 3542 1992 3604 ei
2058 3540 2286 3604 taliter
2348 3541 2653 3606 evenisse.
2745 3543 2913 3608 Cum

819 3645 1062 3719 autem,
1111 3647 1190 3705 ut
1255 3646 1484 3727 postea
1545 3641 1877 3718 referetur,
1924 3641 2086 3706 ortis
2152 3642 2522 3707 inimicitiis
2582 3643 2655 3706 in
2716 3645 2915 3708 Terra

822 3741 1070 3807 Sancta
1131 3743 1306 3807 inter
1349 3743 1567 3828 ipsum
1635 3748 1705 3807 et
1772 3743 2150 3831 Philippum
2194 3765 2413 3829 regem
2460 3743 2771 3824 Franciae,
2814 3767 2915 3810 re-

819 3845 1064 3909 deunte
1138 3867 1290 3930 rege
1368 3845 1666 3910 Franciae
1742 3845 1817 3908 in
1880 3851 2123 3909 terram
2186 3867 2389 3923 suam,
2460 3846 2779 3911 Ricardus
2840 3849 2913 3912 in

819 3946 1020 4010 Terra
1067 3945 1310 4011 Sancta
1382 3945 1735 4031 plurimum
1808 3953 2130 4032 operatua,
2175 3948 2441 4010 demum
2502 3947 2588 4012 ad
2650 3949 2915 4034 propria

818 4070 1104 4113 remeare
1149 4053 1560 4135 proponeret,
1592 4047 1666 4111 in
1697 4049 1976 4113 Austria
2020 4055 2250 4134 captus
2294 4051 2536 4114 carceri
2581 4052 2913 4136 mancipa-

816 4161 946 4216 tur.
1042 4151 1169 4215 Cui
1213 4150 1284 4212 in
1329 4169 1578 4215 carcere
1623 4151 1914 4227 detent0,
1962 4173 2047 4215 ex
2077 4151 2345 4216 consilio
2375 4153 2548 4237 regis
2594 4151 2910 4232 Franciae,

816 4252 919 4317 leo
965 4253 1234 4338 quidam
1279 4252 1453 4316 ferus
1498 4257 1565 4316 et
1609 4252 1962 4330 famelicae,
2016 4276 2059 4317 a
2102 4253 2316 4318 tribus
2360 4254 2591 4318 diebus
2624 4254 2909 4340 jejunu8,

819 4353 906 4416 ad
969 4355 1182 4439 ipsum
1254 4352 1609 4417 Ricardum
1673 4355 2159 4432 intromittitur,
2207 4361 2285 4420 ut
2328 4357 2545 4441 ipsum
2594 4358 2910 4424 continuo

817 4454 1177 4520 devoraret.
1267 4453 1363 4517 At
1429 4476 1545 4518 rex
1613 4454 1930 4520 Ricardus
1988 4457 2241 4522 leonem
2284 4457 2604 4522 invadens
2648 4459 2911 4546 singula

815 4557 959 4644 ejus
1001 4555 1294 4620 membra
1337 4555 1753 4638 dilacerabat,
1786 4563 1855 4623 et
1884 4581 1993 4624 cor
2022 4558 2226 4624 leonis
2270 4567 2660 4626 exenterans
2690 4563 2909 4648 ipsum

815 4681 928 4726 cor
971 4658 1064 4724 sic
1122 4657 1408 4723 calidum
1473 4665 1543 4725 et
1609 4661 1885 4725 crudum
1944 4661 2318 4748 deglutivit.
2390 4655 2612 4728 ⁴Unde
2654 4669 2724 4730 et
2765 4665 2909 4750 ipse
