<?xml version="1.0" encoding="UTF-8"?>
<!DOCTYPE html PUBLIC "-//W3C//DTD XHTML 1.0 Transitional//EN"
    "http://www.w3.org/TR/xhtml1/DTD/xhtml1-transitional.dtd">
<html xmlns="http://www.w3.org/1999/xhtml" xml:lang="en" lang="en">
 <head>
  <title>
</title>
<meta http-equiv="Content-Type" content="text/html;charset=utf-8" />
  <meta name='ocr-system' content='tesseract 3.04.00' />
  <meta name='ocr-capabilities' content='ocr_page ocr_carea ocr_par ocr_line ocrx_word'/>
</head>
<body>
  <div class='ocr_page' id='page_1' title='image "./chronicamonaste00burtgoog_0254.png"; bbox 0 0 3519 5734; ppageno 0'>
   <div class='ocr_carea' id='block_1_1' title="bbox 1190 843 2763 908">
    <p class='ocr_par' dir='ltr' id='par_1_1' title="bbox 1190 843 2763 908">
     <span class='ocr_line' id='line_1_1' title="bbox 1190 843 2763 908; baseline 0.003 -6"><span class='ocrx_word' id='word_1_1' title='bbox 1190 853 1559 905; x_wconf 79' lang='lat' dir='ltr'>PHILIPPUS</span> <span class='ocrx_word' id='word_1_2' title='bbox 1602 851 1826 906; x_wconf 73' lang='lat' dir='ltr'><strong>ABBAs</strong></span> <span class='ocrx_word' id='word_1_3' title='bbox 1871 853 2248 906; x_wconf 71' lang='lat' dir='ltr'><strong>SECUNDUS.</strong></span> <span class='ocrx_word' id='word_1_4' title='bbox 2635 843 2763 908; x_wconf 89' lang='grc'><strong>161</strong></span> 
     </span>
    </p>
   </div>
   <div class='ocr_carea' id='block_1_2' title="bbox 662 1191 2768 1364">
    <p class='ocr_par' dir='ltr' id='par_1_2' title="bbox 662 1191 2768 1364">
     <span class='ocr_line' id='line_1_2' title="bbox 662 1191 2768 1364; baseline 0.002 -105"><span class='ocrx_word' id='word_1_5' title='bbox 662 1191 755 1261; x_wconf 93' lang='lat' dir='ltr'><strong>II.</strong></span> <span class='ocrx_word' id='word_1_6' title='bbox 802 1192 900 1261; x_wconf 80' lang='lat' dir='ltr'><strong>De</strong></span> <span class='ocrx_word' id='word_1_7' title='bbox 932 1192 1325 1262; x_wconf 70' lang='lat' dir='ltr'><em>tenementis</em></span> <span class='ocrx_word' id='word_1_8' title='bbox 1353 1192 1441 1262; x_wconf 74' lang='lat' dir='ltr'><strong>‘in</strong></span> <span class='ocrx_word' id='word_1_9' title='bbox 1468 1193 1944 1364; x_wconf 49' lang='lat' dir='ltr'><strong>Dgzlyzoelyto‘na,</strong></span> <span class='ocrx_word' id='word_1_10' title='bbox 1965 1200 2026 1264; x_wconf 82' lang='lat' dir='ltr'><strong>et</strong></span> <span class='ocrx_word' id='word_1_11' title='bbox 2054 1193 2434 1282; x_wconf 70' lang='lat' dir='ltr'><strong>inceptione</strong></span> <span class='ocrx_word' id='word_1_12' title='bbox 2458 1191 2768 1280; x_wconf 63' lang='lat' dir='ltr'><strong>yramffllae</strong></span> 
     </span>
     <span class='ocr_line' id='line_1_3' title="bbox 1737 1317 1874 1364; baseline -0.015 1"><span class='ocrx_word' id='word_1_13' title='bbox 1737 1317 1874 1364; x_wconf 78' lang='lat' dir='ltr'><strong>ora.</strong></span> 
     </span>
    </p>
   </div>
   <div class='ocr_carea' id='block_1_3' title="bbox 652 1413 3082 1670">
    <p class='ocr_par' dir='ltr' id='par_1_3' title="bbox 652 1413 3082 1670">
     <span class='ocr_line' id='line_1_4' title="bbox 744 1413 3082 1562; baseline -0.002 -19"><span class='ocrx_word' id='word_1_14' title='bbox 744 1475 944 1540; x_wconf 84' lang='lat' dir='ltr'><strong>Isaak</strong></span> <span class='ocrx_word' id='word_1_15' title='bbox 968 1473 987 1512; x_wconf 77' lang='lat'>²</span> <span class='ocrx_word' id='word_1_16' title='bbox 1038 1413 1385 1562; x_wconf 55' lang='lat' dir='ltr'><strong>siquidem·</strong></span> <span class='ocrx_word' id='word_1_17' title='bbox 1428 1475 1511 1541; x_wconf 90' lang='lat' dir='ltr'><strong>de</strong></span> <span class='ocrx_word' id='word_1_18' title='bbox 1580 1473 1890 1561; x_wconf 82' lang='lat' dir='ltr'><strong>Skeftlyn</strong></span> <span class='ocrx_word' id='word_1_19' title='bbox 1896 1495 1995 1562; x_wconf 88' lang='lat' dir='ltr'><strong>ge,</strong></span> <span class='ocrx_word' id='word_1_20' title='bbox 2043 1475 2315 1540; x_wconf 85' lang='lat' dir='ltr'><strong>clericus</strong></span> <span class='ocrx_word' id='word_1_21' title='bbox 2382 1475 2653 1561; x_wconf 87' lang='lat' dir='ltr'><strong>sapiens</strong></span> <span class='ocrx_word' id='word_1_22' title='bbox 2697 1480 2765 1541; x_wconf 89' lang='lat' dir='ltr'><strong>et</strong></span> <span class='ocrx_word' id='word_1_23' title='bbox 2789 1485 3082 1544; x_wconf 74' lang='lat' dir='ltr'><strong>A.D.1160</strong></span> 
     </span>
     <span class='ocr_line' id='line_1_5' title="bbox 652 1559 2972 1670; baseline -0.002 -25"><span class='ocrx_word' id='word_1_24' title='bbox 652 1579 921 1670; x_wconf 87' lang='lat' dir='ltr'><strong>grandis</strong></span> <span class='ocrx_word' id='word_1_25' title='bbox 988 1579 1403 1644; x_wconf 67' lang='lat' dir='ltr'><strong>auctoritatis</strong></span> <span class='ocrx_word' id='word_1_26' title='bbox 1466 1579 1592 1657; x_wconf 81' lang='lat' dir='ltr'><strong>vir,</strong></span> <span class='ocrx_word' id='word_1_27' title='bbox 1654 1579 1773 1644; x_wconf 85' lang='lat' dir='ltr'><strong>xii.</strong></span> <span class='ocrx_word' id='word_1_28' title='bbox 1833 1579 2114 1644; x_wconf 84' lang='lat' dir='ltr'><strong>bovatas</strong></span> <span class='ocrx_word' id='word_1_29' title='bbox 2181 1585 2391 1661; x_wconf 75' lang='lat' dir='ltr'><strong>terrae,</strong></span> <span class='ocrx_word' id='word_1_30' title='bbox 2457 1578 2767 1646; x_wconf 87' lang='lat' dir='ltr'><strong>videlicet</strong></span> <span class='ocrx_word' id='word_1_31' title='bbox 2789 1559 2972 1608; x_wconf 77' lang='lat'>&#39;¹¹⁸²’</span> 
     </span>
    </p>
   </div>
   <div class='ocr_carea' id='block_1_4' title="bbox 653 1633 3038 1758">
    <p class='ocr_par' dir='ltr' id='par_1_4' title="bbox 653 1633 3038 1758">
     <span class='ocr_line' id='line_1_6' title="bbox 653 1633 3038 1758; baseline 0.003 -11"><span class='ocrx_word' id='word_1_32' title='bbox 653 1705 856 1747; x_wconf 88' lang='lat' dir='ltr'><strong>unam</strong></span> <span class='ocrx_word' id='word_1_33' title='bbox 902 1687 1279 1748; x_wconf 74' lang='lat' dir='ltr'><strong>carucatam</strong></span> <span class='ocrx_word' id='word_1_34' title='bbox 1324 1685 1393 1746; x_wconf 90' lang='lat' dir='ltr'><strong>et</strong></span> <span class='ocrx_word' id='word_1_35' title='bbox 1438 1681 1784 1746; x_wconf 81' lang='lat' dir='ltr'><strong>dimidiam</strong></span> <span class='ocrx_word' id='word_1_36' title='bbox 1831 1679 2082 1758; x_wconf 76' lang='lat' dir='ltr'><strong>terrae,²</strong></span> <span class='ocrx_word' id='word_1_37' title='bbox 2127 1681 2313 1747; x_wconf 90' lang='lat' dir='ltr'><strong>dedit</strong></span> <span class='ocrx_word' id='word_1_38' title='bbox 2359 1682 2762 1748; x_wconf 85' lang='lat' dir='ltr'><strong>monasterio</strong></span> <span class='ocrx_word' id='word_1_39' title='bbox 2789 1633 3038 1754; x_wconf 56' lang='lat' dir='ltr'><strong>ffinitnof</strong></span> 
     </span>
    </p>
   </div>
   <div class='ocr_carea' id='block_1_5' title="bbox 644 1765 3086 3722">
    <p class='ocr_par' dir='ltr' id='par_1_5' title="bbox 649 1765 3086 2282">
     <span class='ocr_line' id='line_1_7' title="bbox 651 1765 3086 1890; baseline 0 -40"><span class='ocrx_word' id='word_1_40' title='bbox 651 1791 879 1851; x_wconf 88' lang='lat' dir='ltr'><strong>nostro</strong></span> <span class='ocrx_word' id='word_1_41' title='bbox 924 1784 998 1849; x_wconf 91' lang='lat' dir='ltr'><strong>in</strong></span> <span class='ocrx_word' id='word_1_42' title='bbox 1041 1784 1499 1871; x_wconf 84' lang='lat' dir='ltr'><strong>Dodyngtona</strong></span> <span class='ocrx_word' id='word_1_43' title='bbox 1528 1783 1611 1850; x_wconf 94' lang='lat' dir='ltr'><strong>de</strong></span> <span class='ocrx_word' id='word_1_44' title='bbox 1641 1783 1834 1849; x_wconf 89' lang='lat' dir='ltr'><strong>feodo</strong></span> <span class='ocrx_word' id='word_1_45' title='bbox 1867 1783 2144 1849; x_wconf 86' lang='lat' dir='ltr'><strong>Ernaldi</strong></span> <span class='ocrx_word' id='word_1_46' title='bbox 2192 1785 2274 1850; x_wconf 90' lang='lat' dir='ltr'><strong>de</strong></span> <span class='ocrx_word' id='word_1_47' title='bbox 2323 1784 2763 1872; x_wconf 84' lang='lat' dir='ltr'><strong>Munbegona,</strong></span> <span class='ocrx_word' id='word_1_48' title='bbox 2787 1765 3086 1890; x_wconf 50' lang='lat' dir='ltr'><strong>fflffiss</strong></span> 
     </span>
     <span class='ocr_line' id='line_1_8' title="bbox 652 1885 3046 1974; baseline 0.001 -22"><span class='ocrx_word' id='word_1_49' title='bbox 652 1909 800 1952; x_wconf 90' lang='lat' dir='ltr'><strong>cum</strong></span> <span class='ocrx_word' id='word_1_50' title='bbox 870 1886 1175 1952; x_wconf 88' lang='lat' dir='ltr'><strong>omnibus</strong></span> <span class='ocrx_word' id='word_1_51' title='bbox 1221 1886 1642 1972; x_wconf 84' lang='lat' dir='ltr'><strong>pertinentiis</strong></span> <span class='ocrx_word' id='word_1_52' title='bbox 1686 1885 1864 1968; x_wconf 82' lang='lat' dir='ltr'><strong>suis3</strong></span> <span class='ocrx_word' id='word_1_53' title='bbox 1911 1890 2182 1974; x_wconf 85' lang='lat' dir='ltr'><strong>excepto</strong></span> <span class='ocrx_word' id='word_1_54' title='bbox 2252 1887 2427 1974; x_wconf 90' lang='lat' dir='ltr'><strong>quod</strong></span> <span class='ocrx_word' id='word_1_55' title='bbox 2493 1886 2764 1953; x_wconf 87' lang='lat' dir='ltr'><strong>tenebat</strong></span> <span class='ocrx_word' id='word_1_56' title='bbox 2791 1902 2852 1952; x_wconf 82' lang='lat' dir='ltr'><strong>de</strong></span> <span class='ocrx_word' id='word_1_57' title='bbox 2875 1901 3046 1955; x_wconf 66' lang='lat' dir='ltr'><strong>sken-</strong></span> 
     </span>
     <span class='ocr_line' id='line_1_9' title="bbox 651 1969 2932 2077; baseline 0 -22"><span class='ocrx_word' id='word_1_58' title='bbox 651 1991 737 2055; x_wconf 86' lang='lat' dir='ltr'><strong>ad</strong></span> <span class='ocrx_word' id='word_1_59' title='bbox 783 2011 947 2077; x_wconf 86' lang='lat' dir='ltr'><strong>opus</strong></span> <span class='ocrx_word' id='word_1_60' title='bbox 992 2011 1185 2055; x_wconf 87' lang='lat' dir='ltr'><strong>suum</strong></span> <span class='ocrx_word' id='word_1_61' title='bbox 1230 1995 1300 2055; x_wconf 91' lang='lat' dir='ltr'><strong>et</strong></span> <span class='ocrx_word' id='word_1_62' title='bbox 1345 1988 1659 2055; x_wconf 84' lang='lat' dir='ltr'><strong>heredum</strong></span> <span class='ocrx_word' id='word_1_63' title='bbox 1727 2010 1997 2055; x_wconf 89' lang='lat' dir='ltr'><strong>suorum</strong></span> <span class='ocrx_word' id='word_1_64' title='bbox 2066 2010 2294 2054; x_wconf 87' lang='lat' dir='ltr'><strong>omnes</strong></span> <span class='ocrx_word' id='word_1_65' title='bbox 2341 1990 2550 2056; x_wconf 82' lang='lat' dir='ltr'><strong>tostos</strong></span> <span class='ocrx_word' id='word_1_66' title='bbox 2589 1990 2762 2056; x_wconf 86' lang='lat' dir='ltr'><strong>infra</strong></span> <span class='ocrx_word' id='word_1_67' title='bbox 2787 1969 2932 2036; x_wconf 64' lang='lat'><em>¹5¹²&amp;-</em></span> 
     </span>
     <span class='ocr_line' id='line_1_10' title="bbox 649 2091 2761 2181; baseline -0 -21"><span class='ocrx_word' id='word_1_68' title='bbox 649 2093 878 2160; x_wconf 82' lang='lat' dir='ltr'><strong>villam</strong></span> <span class='ocrx_word' id='word_1_69' title='bbox 922 2094 1333 2181; x_wconf 71' lang='lat' dir='ltr'><strong>pertinentes</strong></span> <span class='ocrx_word' id='word_1_70' title='bbox 1394 2091 1483 2157; x_wconf 91' lang='lat' dir='ltr'><strong>ad</strong></span> <span class='ocrx_word' id='word_1_71' title='bbox 1553 2092 1800 2158; x_wconf 86' lang='lat' dir='ltr'><strong>dictam</strong></span> <span class='ocrx_word' id='word_1_72' title='bbox 1861 2097 2234 2158; x_wconf 83' lang='lat' dir='ltr'><strong>carucatam</strong></span> <span class='ocrx_word' id='word_1_73' title='bbox 2297 2099 2368 2158; x_wconf 92' lang='lat' dir='ltr'><strong>et</strong></span> <span class='ocrx_word' id='word_1_74' title='bbox 2415 2093 2761 2159; x_wconf 86' lang='lat' dir='ltr'><strong>dimidiam</strong></span> 
     </span>
     <span class='ocr_line' id='line_1_11' title="bbox 650 2194 2762 2282; baseline 0 -20"><span class='ocrx_word' id='word_1_75' title='bbox 650 2194 895 2274; x_wconf 78' lang='lat' dir='ltr'><strong>terrae,³</strong></span> <span class='ocrx_word' id='word_1_76' title='bbox 939 2195 1027 2261; x_wconf 86' lang='lat' dir='ltr'><strong>ad</strong></span> <span class='ocrx_word' id='word_1_77' title='bbox 1070 2195 1444 2262; x_wconf 88' lang='lat' dir='ltr'><strong>faciendum</strong></span> <span class='ocrx_word' id='word_1_78' title='bbox 1488 2194 1888 2261; x_wconf 85' lang='lat' dir='ltr'><strong>forinsecum</strong></span> <span class='ocrx_word' id='word_1_79' title='bbox 1931 2195 2279 2260; x_wconf 87' lang='lat' dir='ltr'><strong>servitium</strong></span> <span class='ocrx_word' id='word_1_80' title='bbox 2351 2217 2470 2282; x_wconf 87' lang='lat' dir='ltr'><strong>pro</strong></span> <span class='ocrx_word' id='word_1_81' title='bbox 2530 2196 2762 2262; x_wconf 89' lang='lat' dir='ltr'><strong>eadem</strong></span> 
     </span>
    </p>

    <p class='ocr_par' dir='ltr' id='par_1_6' title="bbox 648 2296 2762 2488">
     <span class='ocr_line' id='line_1_12' title="bbox 648 2296 2762 2386; baseline -0 -21"><span class='ocrx_word' id='word_1_82' title='bbox 648 2307 863 2381; x_wconf 83' lang='lat' dir='ltr'><strong>terra;</strong></span> <span class='ocrx_word' id='word_1_83' title='bbox 912 2304 981 2365; x_wconf 90' lang='lat' dir='ltr'><strong>et</strong></span> <span class='ocrx_word' id='word_1_84' title='bbox 1025 2319 1147 2365; x_wconf 91' lang='lat' dir='ltr'><strong>nos</strong></span> <span class='ocrx_word' id='word_1_85' title='bbox 1193 2299 1404 2385; x_wconf 88' lang='lat' dir='ltr'><strong>quieti</strong></span> <span class='ocrx_word' id='word_1_86' title='bbox 1464 2318 1749 2363; x_wconf 78' lang='lat' dir='ltr'><strong>essemus</strong></span> <span class='ocrx_word' id='word_1_87' title='bbox 1795 2296 1878 2362; x_wconf 92' lang='lat' dir='ltr'><strong>de</strong></span> <span class='ocrx_word' id='word_1_88' title='bbox 1944 2299 2222 2363; x_wconf 89' lang='lat' dir='ltr'><strong>terrenis</strong></span> <span class='ocrx_word' id='word_1_89' title='bbox 2281 2299 2573 2365; x_wconf 87' lang='lat' dir='ltr'><strong>servitiis</strong></span> <span class='ocrx_word' id='word_1_90' title='bbox 2618 2300 2762 2386; x_wconf 92' lang='lat' dir='ltr'><strong>qui-</strong></span> 
     </span>
     <span class='ocr_line' id='line_1_13' title="bbox 650 2399 2760 2488; baseline 0.001 -22"><span class='ocrx_word' id='word_1_91' title='bbox 650 2401 1049 2487; x_wconf 89' lang='lat' dir='ltr'><strong>buscunque,</strong></span> <span class='ocrx_word' id='word_1_92' title='bbox 1096 2404 1340 2488; x_wconf 75' lang='lat' dir='ltr'><strong>praeter</strong></span> <span class='ocrx_word' id='word_1_93' title='bbox 1384 2400 1466 2465; x_wconf 89' lang='lat' dir='ltr'><strong>de</strong></span> <span class='ocrx_word' id='word_1_94' title='bbox 1510 2399 1695 2467; x_wconf 78' lang='lat' dir='ltr'><strong>xviii.</strong></span> <span class='ocrx_word' id='word_1_95' title='bbox 1743 2399 2032 2466; x_wconf 81' lang='lat' dir='ltr'><strong>denariis</strong></span> <span class='ocrx_word' id='word_1_96' title='bbox 2099 2400 2339 2466; x_wconf 84' lang='lat' dir='ltr'><strong>annuis</strong></span> <span class='ocrx_word' id='word_1_97' title='bbox 2361 2399 2390 2437; x_wconf 85' lang='lat'><strong>⁴</strong></span> <span class='ocrx_word' id='word_1_98' title='bbox 2431 2423 2552 2488; x_wconf 90' lang='lat' dir='ltr'><strong>pro</strong></span> <span class='ocrx_word' id='word_1_99' title='bbox 2596 2423 2760 2488; x_wconf 83' lang='lat' dir='ltr'><strong>prae-</strong></span> 
     </span>
    </p>

    <p class='ocr_par' dir='ltr' id='par_1_7' title="bbox 650 2499 2757 2589">
     <span class='ocr_line' id='line_1_14' title="bbox 650 2499 2757 2589; baseline -0 -20"><span class='ocrx_word' id='word_1_100' title='bbox 650 2504 829 2570; x_wconf 89' lang='lat' dir='ltr'><strong>dicta</strong></span> <span class='ocrx_word' id='word_1_101' title='bbox 897 2503 1171 2569; x_wconf 88' lang='lat' dir='ltr'><strong>dimidia</strong></span> <span class='ocrx_word' id='word_1_102' title='bbox 1247 2507 1557 2568; x_wconf 86' lang='lat' dir='ltr'><strong>carucata</strong></span> <span class='ocrx_word' id='word_1_103' title='bbox 1622 2508 1818 2568; x_wconf 73' lang='lat' dir='ltr'><strong>terrae</strong></span> <span class='ocrx_word' id='word_1_104' title='bbox 1891 2499 2384 2589; x_wconf 80' lang='lat' dir='ltr'><strong>persolvendis.⁶</strong></span> <span class='ocrx_word' id='word_1_105' title='bbox 2502 2502 2757 2582; x_wconf 82' lang='lat' dir='ltr'><strong>Postea,</strong></span> 
     </span>
    </p>

    <p class='ocr_par' dir='ltr' id='par_1_8' title="bbox 648 2604 2756 2672">
     <span class='ocr_line' id='line_1_15' title="bbox 648 2604 2756 2672; baseline 0.001 -2"><span class='ocrx_word' id='word_1_106' title='bbox 648 2606 863 2672; x_wconf 86' lang='lat' dir='ltr'><strong>dictus</strong></span> <span class='ocrx_word' id='word_1_107' title='bbox 908 2605 1239 2672; x_wconf 86' lang='lat' dir='ltr'><strong>Ernaldus</strong></span> <span class='ocrx_word' id='word_1_108' title='bbox 1282 2604 1562 2670; x_wconf 79' lang='lat' dir='ltr'><strong>abstulit</strong></span> <span class='ocrx_word' id='word_1_109' title='bbox 1624 2604 1819 2669; x_wconf 89' lang='lat' dir='ltr'><strong>nobis</strong></span> <span class='ocrx_word' id='word_1_110' title='bbox 1889 2604 2136 2670; x_wconf 88' lang='lat' dir='ltr'><strong>dictam</strong></span> <span class='ocrx_word' id='word_1_111' title='bbox 2182 2604 2529 2670; x_wconf 85' lang='lat' dir='ltr'><strong>dimidiam</strong></span> <span class='ocrx_word' id='word_1_112' title='bbox 2575 2627 2756 2672; x_wconf 85' lang='lat' dir='ltr'><strong>caru-</strong></span> 
     </span>
    </p>

    <p class='ocr_par' dir='ltr' id='par_1_9' title="bbox 648 2705 2756 2900">
     <span class='ocr_line' id='line_1_16' title="bbox 648 2705 2756 2776; baseline 0.001 -2"><span class='ocrx_word' id='word_1_113' title='bbox 648 2713 863 2774; x_wconf 81' lang='lat' dir='ltr'><strong>catam</strong></span> <span class='ocrx_word' id='word_1_114' title='bbox 880 2707 907 2745; x_wconf 82' lang='lat'>⁶</span> <span class='ocrx_word' id='word_1_115' title='bbox 951 2713 1144 2774; x_wconf 88' lang='lat' dir='ltr'><strong>terrae</strong></span> <span class='ocrx_word' id='word_1_116' title='bbox 1187 2713 1258 2773; x_wconf 89' lang='lat' dir='ltr'><strong>et</strong></span> <span class='ocrx_word' id='word_1_117' title='bbox 1303 2707 1489 2772; x_wconf 91' lang='lat' dir='ltr'><strong>dedit</strong></span> <span class='ocrx_word' id='word_1_118' title='bbox 1550 2728 1698 2772; x_wconf 90' lang='lat' dir='ltr'><strong>eam</strong></span> <span class='ocrx_word' id='word_1_119' title='bbox 1761 2705 1973 2772; x_wconf 84' lang='lat' dir='ltr'><strong>Inetae</strong></span> <span class='ocrx_word' id='word_1_120' title='bbox 2040 2707 2302 2773; x_wconf 88' lang='lat' dir='ltr'><strong>mulieri</strong></span> <span class='ocrx_word' id='word_1_121' title='bbox 2369 2707 2628 2774; x_wconf 89' lang='lat' dir='ltr'><strong>cuidam</strong></span> <span class='ocrx_word' id='word_1_122' title='bbox 2675 2710 2756 2776; x_wconf 89' lang='lat' dir='ltr'><strong>de</strong></span> 
     </span>
     <span class='ocr_line' id='line_1_17' title="bbox 649 2809 2753 2900; baseline 0.002 -25"><span class='ocrx_word' id='word_1_123' title='bbox 649 2809 1113 2899; x_wconf 84' lang='lat' dir='ltr'><strong>Dodyngtona,</strong></span> <span class='ocrx_word' id='word_1_124' title='bbox 1164 2810 1245 2876; x_wconf 88' lang='lat' dir='ltr'><strong>de</strong></span> <span class='ocrx_word' id='word_1_125' title='bbox 1291 2831 1423 2897; x_wconf 90' lang='lat' dir='ltr'><strong>qua</strong></span> <span class='ocrx_word' id='word_1_126' title='bbox 1466 2809 1605 2898; x_wconf 87' lang='lat' dir='ltr'><strong>ipse</strong></span> <span class='ocrx_word' id='word_1_127' title='bbox 1663 2809 1806 2897; x_wconf 88' lang='lat' dir='ltr'><strong>jam</strong></span> <span class='ocrx_word' id='word_1_128' title='bbox 1851 2831 2060 2876; x_wconf 89' lang='lat' dir='ltr'><strong>unum</strong></span> <span class='ocrx_word' id='word_1_129' title='bbox 2104 2810 2319 2877; x_wconf 86' lang='lat' dir='ltr'><strong>filium</strong></span> <span class='ocrx_word' id='word_1_130' title='bbox 2364 2814 2753 2900; x_wconf 86' lang='lat' dir='ltr'><strong>procreavit.</strong></span> 
     </span>
    </p>

    <p class='ocr_par' dir='ltr' id='par_1_10' title="bbox 659 2912 2752 3003">
     <span class='ocr_line' id='line_1_18' title="bbox 659 2912 2752 3003; baseline 0.001 -23"><span class='ocrx_word' id='word_1_131' title='bbox 659 2914 829 2980; x_wconf 85' lang='lat' dir='ltr'><strong>Cum</strong></span> <span class='ocrx_word' id='word_1_132' title='bbox 874 2935 1029 3002; x_wconf 87' lang='lat' dir='ltr'><strong>ergo</strong></span> <span class='ocrx_word' id='word_1_133' title='bbox 1054 2912 1081 2950; x_wconf 78' lang='lat'>⁷</span> <span class='ocrx_word' id='word_1_134' title='bbox 1123 2913 1301 2979; x_wconf 89' lang='lat' dir='ltr'><strong>inter</strong></span> <span class='ocrx_word' id='word_1_135' title='bbox 1346 2934 1466 2979; x_wconf 88' lang='lat' dir='ltr'><strong>nos</strong></span> <span class='ocrx_word' id='word_1_136' title='bbox 1532 2918 1601 2978; x_wconf 91' lang='lat' dir='ltr'><strong>et</strong></span> <span class='ocrx_word' id='word_1_137' title='bbox 1668 2912 1924 2979; x_wconf 87' lang='lat' dir='ltr'><strong>dictum</strong></span> <span class='ocrx_word' id='word_1_138' title='bbox 1967 2912 2335 2980; x_wconf 75' lang='lat' dir='ltr'><strong>Ernaldum</strong></span> <span class='ocrx_word' id='word_1_139' title='bbox 2380 2937 2575 3003; x_wconf 86' lang='lat' dir='ltr'><strong>super</strong></span> <span class='ocrx_word' id='word_1_140' title='bbox 2619 2917 2752 2983; x_wconf 84' lang='lat' dir='ltr'><strong>dic-</strong></span> 
     </span>
    </p>

    <p class='ocr_par' dir='ltr' id='par_1_11' title="bbox 647 3016 2753 3100">
     <span class='ocr_line' id='line_1_19' title="bbox 647 3016 2753 3100; baseline 0.001 -17"><span class='ocrx_word' id='word_1_141' title='bbox 647 3024 788 3083; x_wconf 86' lang='lat' dir='ltr'><strong>tam</strong></span> <span class='ocrx_word' id='word_1_142' title='bbox 818 3016 1166 3083; x_wconf 85' lang='lat' dir='ltr'><strong>dimidiam</strong></span> <span class='ocrx_word' id='word_1_143' title='bbox 1211 3021 1583 3083; x_wconf 84' lang='lat' dir='ltr'><strong>carucatam</strong></span> <span class='ocrx_word' id='word_1_144' title='bbox 1613 3020 1809 3083; x_wconf 85' lang='lat' dir='ltr'><strong>terrae</strong></span> <span class='ocrx_word' id='word_1_145' title='bbox 1837 3038 2032 3083; x_wconf 86' lang='lat' dir='ltr'><strong>causa</strong></span> <span class='ocrx_word' id='word_1_146' title='bbox 2060 3023 2449 3100; x_wconf 85' lang='lat' dir='ltr'><strong>versaretur,</strong></span> <span class='ocrx_word' id='word_1_147' title='bbox 2480 3020 2753 3086; x_wconf 88' lang='lat' dir='ltr'><strong>tandem</strong></span> 
     </span>
    </p>

    <p class='ocr_par' dir='ltr' id='par_1_12' title="bbox 648 3118 2753 3206">
     <span class='ocr_line' id='line_1_20' title="bbox 648 3118 2753 3206; baseline 0.001 -20"><span class='ocrx_word' id='word_1_148' title='bbox 648 3120 869 3186; x_wconf 85' lang='lat' dir='ltr'><strong>exitus</strong></span> <span class='ocrx_word' id='word_1_149' title='bbox 916 3119 1291 3206; x_wconf 85' lang='lat' dir='ltr'><strong>hujusmodi</strong></span> <span class='ocrx_word' id='word_1_150' title='bbox 1319 3123 1624 3206; x_wconf 85' lang='lat' dir='ltr'><strong>acceptus</strong></span> <span class='ocrx_word' id='word_1_151' title='bbox 1652 3118 1836 3200; x_wconf 55' lang='lat' dir='ltr'><strong>fuit?</strong></span> <span class='ocrx_word' id='word_1_152' title='bbox 1880 3119 2073 3206; x_wconf 89' lang='lat' dir='ltr'><strong>quod,</strong></span> <span class='ocrx_word' id='word_1_153' title='bbox 2118 3121 2175 3185; x_wconf 87' lang='lat' dir='ltr'><strong>si</strong></span> <span class='ocrx_word' id='word_1_154' title='bbox 2217 3142 2338 3186; x_wconf 88' lang='lat' dir='ltr'><strong>nos</strong></span> <span class='ocrx_word' id='word_1_155' title='bbox 2367 3122 2753 3189; x_wconf 87' lang='lat' dir='ltr'><strong>testimonio</strong></span> 
     </span>
    </p>

    <p class='ocr_par' dir='ltr' id='par_1_13' title="bbox 644 3222 2751 3413">
     <span class='ocr_line' id='line_1_21' title="bbox 648 3222 2751 3312; baseline 0.001 -24"><span class='ocrx_word' id='word_1_156' title='bbox 648 3223 855 3289; x_wconf 90' lang='lat' dir='ltr'><strong>trium</strong></span> <span class='ocrx_word' id='word_1_157' title='bbox 901 3222 1104 3289; x_wconf 88' lang='lat' dir='ltr'><strong>libere</strong></span> <span class='ocrx_word' id='word_1_158' title='bbox 1148 3222 1523 3289; x_wconf 89' lang='lat' dir='ltr'><strong>tenentium</strong></span> <span class='ocrx_word' id='word_1_159' title='bbox 1570 3227 1640 3290; x_wconf 86' lang='lat' dir='ltr'><strong>et</strong></span> <span class='ocrx_word' id='word_1_160' title='bbox 1682 3223 1978 3311; x_wconf 87' lang='lat' dir='ltr'><strong>ipsorum</strong></span> <span class='ocrx_word' id='word_1_161' title='bbox 2020 3229 2429 3291; x_wconf 86' lang='lat' dir='ltr'><strong>sacramento</strong></span> <span class='ocrx_word' id='word_1_162' title='bbox 2473 3225 2751 3312; x_wconf 89' lang='lat' dir='ltr'><strong>probare</strong></span> 
     </span>
     <span class='ocr_line' id='line_1_22' title="bbox 644 3325 2747 3413; baseline 0.001 -20"><span class='ocrx_word' id='word_1_163' title='bbox 644 3348 975 3413; x_wconf 84' lang='lat' dir='ltr'><strong>possemus</strong></span> <span class='ocrx_word' id='word_1_164' title='bbox 1018 3326 1203 3392; x_wconf 90' lang='lat' dir='ltr'><strong>illam</strong></span> <span class='ocrx_word' id='word_1_165' title='bbox 1248 3348 1387 3391; x_wconf 87' lang='lat' dir='ltr'><strong>esse</strong></span> <span class='ocrx_word' id='word_1_166' title='bbox 1432 3326 1708 3392; x_wconf 90' lang='lat' dir='ltr'><strong>eandem</strong></span> <span class='ocrx_word' id='word_1_167' title='bbox 1738 3325 2084 3391; x_wconf 89' lang='lat' dir='ltr'><strong>dimidiam</strong></span> <span class='ocrx_word' id='word_1_168' title='bbox 2116 3332 2488 3394; x_wconf 87' lang='lat' dir='ltr'><strong>carucatam</strong></span> <span class='ocrx_word' id='word_1_169' title='bbox 2533 3333 2747 3409; x_wconf 78' lang='lat' dir='ltr'><strong>terrae,</strong></span> 
     </span>
    </p>

    <p class='ocr_par' dir='ltr' id='par_1_14' title="bbox 644 3427 2748 3516">
     <span class='ocr_line' id='line_1_23' title="bbox 644 3427 2748 3516; baseline 0 -21"><span class='ocrx_word' id='word_1_170' title='bbox 644 3450 810 3515; x_wconf 83' lang='lat' dir='ltr'><strong>quae,</strong></span> <span class='ocrx_word' id='word_1_171' title='bbox 856 3429 1192 3494; x_wconf 87' lang='lat' dir='ltr'><strong>mediante</strong></span> <span class='ocrx_word' id='word_1_172' title='bbox 1238 3427 1417 3494; x_wconf 90' lang='lat' dir='ltr'><strong>dicto</strong></span> <span class='ocrx_word' id='word_1_173' title='bbox 1465 3428 1667 3510; x_wconf 80' lang='lat' dir='ltr'><strong>Isaac,</strong></span> <span class='ocrx_word' id='word_1_174' title='bbox 1716 3450 1836 3516; x_wconf 87' lang='lat' dir='ltr'><strong>per</strong></span> <span class='ocrx_word' id='word_1_175' title='bbox 1886 3429 2196 3495; x_wconf 89' lang='lat' dir='ltr'><strong>seisinam</strong></span> <span class='ocrx_word' id='word_1_176' title='bbox 2244 3430 2406 3496; x_wconf 85' lang='lat' dir='ltr'><strong>dicti</strong></span> <span class='ocrx_word' id='word_1_177' title='bbox 2466 3431 2748 3496; x_wconf 87' lang='lat' dir='ltr'><strong>Ernaldi</strong></span> 
     </span>
    </p>

    <p class='ocr_par' dir='ltr' id='par_1_15' title="bbox 644 3529 2747 3619">
     <span class='ocr_line' id='line_1_24' title="bbox 644 3529 2747 3619; baseline 0.002 -24"><span class='ocrx_word' id='word_1_178' title='bbox 644 3531 834 3597; x_wconf 87' lang='lat' dir='ltr'><strong>nobis</strong></span> <span class='ocrx_word' id='word_1_179' title='bbox 877 3530 1132 3618; x_wconf 89' lang='lat' dir='ltr'><strong>pridem</strong></span> <span class='ocrx_word' id='word_1_180' title='bbox 1192 3529 1411 3597; x_wconf 88' lang='lat' dir='ltr'><strong>fuerat</strong></span> <span class='ocrx_word' id='word_1_181' title='bbox 1474 3530 1833 3618; x_wconf 86' lang='lat' dir='ltr'><strong>assignata,</strong></span> <span class='ocrx_word' id='word_1_182' title='bbox 1879 3537 2042 3597; x_wconf 88' lang='lat' dir='ltr'><strong>tunc</strong></span> <span class='ocrx_word' id='word_1_183' title='bbox 2103 3532 2250 3619; x_wconf 86' lang='lat' dir='ltr'><strong>ipsa</strong></span> <span class='ocrx_word' id='word_1_184' title='bbox 2312 3538 2489 3599; x_wconf 88' lang='lat' dir='ltr'><strong>terra</strong></span> <span class='ocrx_word' id='word_1_185' title='bbox 2539 3534 2747 3600; x_wconf 89' lang='lat' dir='ltr'><strong>libera</strong></span> 
     </span>
    </p>

    <p class='ocr_par' dir='ltr' id='par_1_16' title="bbox 647 3631 3060 3722">
     <span class='ocr_line' id='line_1_25' title="bbox 647 3631 3060 3722; baseline 0.002 -25"><span class='ocrx_word' id='word_1_186' title='bbox 647 3638 715 3697; x_wconf 85' lang='lat' dir='ltr'><strong>et</strong></span> <span class='ocrx_word' id='word_1_187' title='bbox 760 3631 845 3697; x_wconf 89' lang='lat' dir='ltr'><strong>ab</strong></span> <span class='ocrx_word' id='word_1_188' title='bbox 891 3632 1071 3697; x_wconf 90' lang='lat' dir='ltr'><strong>omni</strong></span> <span class='ocrx_word' id='word_1_189' title='bbox 1114 3632 1579 3699; x_wconf 85' lang='lat' dir='ltr'><strong>reclamatione</strong></span> <span class='ocrx_word' id='word_1_190' title='bbox 1625 3634 1853 3719; x_wconf 81' lang='lat' dir='ltr'><strong>quieta</strong></span> <span class='ocrx_word' id='word_1_191' title='bbox 1897 3633 1983 3700; x_wconf 90' lang='lat' dir='ltr'><strong>ad</strong></span> <span class='ocrx_word' id='word_1_192' title='bbox 2029 3656 2192 3722; x_wconf 86' lang='lat' dir='ltr'><strong>opus</strong></span> <span class='ocrx_word' id='word_1_193' title='bbox 2247 3635 2548 3703; x_wconf 76' lang='lat' dir='ltr'><strong>abbatiae</strong></span> <span class='ocrx_word' id='word_1_194' title='bbox 2591 3658 2742 3703; x_wconf 87' lang='lat' dir='ltr'><strong>nos·</strong></span> <span class='ocrx_word' id='word_1_195' title='bbox 2771 3637 3060 3693; x_wconf 71' lang='lat' dir='ltr'><strong>Confirmed</strong></span> 
     </span>
    </p>
   </div>
   <div class='ocr_carea' id='block_1_6' title="bbox 2430 3912 2726 3922">
    <p class='ocr_par' dir='ltr' id='par_1_17' title="bbox 2430 3912 2726 3922">
     <span class='ocr_line' id='line_1_26' title="bbox 2430 3912 2726 3922; baseline 0 1812"><span class='ocrx_word' id='word_1_196' title='bbox 2430 3912 2726 3922; x_wconf 95' lang='lat' dir='ltr'><strong> </strong></span> 
     </span>
    </p>
   </div>
   <div class='ocr_carea' id='block_1_7' title="bbox 638 3706 3070 4856">
    <p class='ocr_par' dir='ltr' id='par_1_18' title="bbox 655 3706 3070 3905">
     <span class='ocr_line' id='line_1_27' title="bbox 655 3706 3070 3829; baseline 0.002 -28"><span class='ocrx_word' id='word_1_197' title='bbox 655 3740 779 3801; x_wconf 82' lang='lat' dir='ltr'><strong>trae</strong></span> <span class='ocrx_word' id='word_1_198' title='bbox 823 3740 1209 3801; x_wconf 89' lang='lat' dir='ltr'><strong>remaneret.</strong></span> <span class='ocrx_word' id='word_1_199' title='bbox 1298 3735 1525 3801; x_wconf 83' lang='lat' dir='ltr'><strong>Tertia</strong></span> <span class='ocrx_word' id='word_1_200' title='bbox 1590 3756 1743 3823; x_wconf 88' lang='lat' dir='ltr'><strong>ergo</strong></span> <span class='ocrx_word' id='word_1_201' title='bbox 1809 3735 2046 3803; x_wconf 89' lang='lat' dir='ltr'><strong>deinde</strong></span> <span class='ocrx_word' id='word_1_202' title='bbox 2097 3734 2251 3816; x_wconf 81' lang='lat' dir='ltr'><strong>die,⁹</strong></span> <span class='ocrx_word' id='word_1_203' title='bbox 2294 3738 2471 3826; x_wconf 87' lang='lat' dir='ltr'><strong>apud</strong></span> <span class='ocrx_word' id='word_1_204' title='bbox 2517 3738 2741 3806; x_wconf 89' lang='lat' dir='ltr'><strong>Hedo-</strong></span> <span class='ocrx_word' id='word_1_205' title='bbox 2767 3707 2839 3824; x_wconf 56' lang='grc' dir='ltr'><strong>ἒξ</strong></span> <span class='ocrx_word' id='word_1_206' title='bbox 2851 3706 3070 3829; x_wconf 52' lang='grc' dir='ltr'><strong>ξίᾬῗέ,</strong></span> 
     </span>
     <span class='ocr_line' id='line_1_28' title="bbox 2767 3854 2888 3905; baseline 0.017 -14"><span class='ocrx_word' id='word_1_207' title='bbox 2767 3854 2888 3905; x_wconf 80' lang='lat' dir='ltr'><strong>gon.</strong></span> 
     </span>
    </p>

    <p class='ocr_par' dir='ltr' id='par_1_19' title="bbox 711 4000 2526 4069">
     <span class='ocr_line' id='line_1_29' title="bbox 711 4000 2526 4069; baseline 0.002 -14"><span class='ocrx_word' id='word_1_208' title='bbox 711 4006 724 4035; x_wconf 87' lang='lat'>¹</span> <span class='ocrx_word' id='word_1_209' title='bbox 760 4004 943 4069; x_wconf 70' lang='lat' dir='ltr'><strong>Isaac]</strong></span> <span class='ocrx_word' id='word_1_210' title='bbox 982 4002 1144 4063; x_wconf 81' lang='lat' dir='ltr'><strong>Isaac,</strong></span> <span class='ocrx_word' id='word_1_211' title='bbox 1166 4002 1227 4053; x_wconf 82' lang='lat'><strong>1².</strong></span> <span class='ocrx_word' id='word_1_212' title='bbox 1804 4005 1824 4031; x_wconf 84' lang='lat'><strong>&#39;¹</strong></span> <span class='ocrx_word' id='word_1_213' title='bbox 1864 4000 1988 4053; x_wconf 75' lang='lat' dir='ltr'><strong>Cum</strong></span> <span class='ocrx_word' id='word_1_214' title='bbox 2009 4004 2148 4069; x_wconf 74' lang='lat' dir='ltr'><strong>erqo]</strong></span> <span class='ocrx_word' id='word_1_215' title='bbox 2189 4004 2290 4055; x_wconf 85' lang='lat' dir='ltr'><strong>Sed</strong></span> <span class='ocrx_word' id='word_1_216' title='bbox 2312 4020 2443 4066; x_wconf 83' lang='lat' dir='ltr'><strong>cum,</strong></span> <span class='ocrx_word' id='word_1_217' title='bbox 2466 4008 2526 4058; x_wconf 86' lang='grc' dir='ltr'><strong>Ρ.</strong></span> 
     </span>
    </p>

    <p class='ocr_par' dir='ltr' id='par_1_20' title="bbox 706 4080 2742 4151">
     <span class='ocr_line' id='line_1_30' title="bbox 706 4080 2742 4151; baseline 0.002 -17"><span class='ocrx_word' id='word_1_218' title='bbox 706 4086 729 4115; x_wconf 78' lang='lat'>²</span> <span class='ocrx_word' id='word_1_219' title='bbox 763 4083 931 4150; x_wconf 71' lang='lat' dir='ltr'><strong>tene]</strong></span> <span class='ocrx_word' id='word_1_220' title='bbox 968 4081 1200 4146; x_wconf 70' lang='lat' dir='ltr'><strong>wanting</strong></span> <span class='ocrx_word' id='word_1_221' title='bbox 1220 4082 1274 4132; x_wconf 87' lang='lat' dir='ltr'><strong>in</strong></span> <span class='ocrx_word' id='word_1_222' title='bbox 1298 4080 1359 4133; x_wconf 98' lang='lat' dir='ltr'><strong>P.</strong></span> <span class='ocrx_word' id='word_1_223' title='bbox 1801 4082 1822 4111; x_wconf 81' lang='lat'>⁸</span> <span class='ocrx_word' id='word_1_224' title='bbox 1858 4080 2048 4133; x_wconf 77' lang='lat' dir='ltr'><strong>taudem</strong></span> <span class='ocrx_word' id='word_1_225' title='bbox 2081 4120 2096 4135; x_wconf 95' lang='lat'><strong>.</strong></span> <span class='ocrx_word' id='word_1_226' title='bbox 2135 4121 2150 4136; x_wconf 95' lang='lat'><strong>.</strong></span> <span class='ocrx_word' id='word_1_227' title='bbox 2182 4121 2195 4134; x_wconf 91' lang='lat'><strong>.</strong></span> <span class='ocrx_word' id='word_1_228' title='bbox 2216 4085 2359 4151; x_wconf 77' lang='lat' dir='ltr'><strong>suit]</strong></span> <span class='ocrx_word' id='word_1_229' title='bbox 2399 4091 2534 4137; x_wconf 82' lang='lat' dir='ltr'><strong>etex</strong></span> <span class='ocrx_word' id='word_1_230' title='bbox 2557 4086 2742 4139; x_wconf 75' lang='lat' dir='ltr'><strong>seisina</strong></span> 
     </span>
    </p>

    <p class='ocr_par' dir='ltr' id='par_1_21' title="bbox 641 4159 2742 4307">
     <span class='ocr_line' id='line_1_31' title="bbox 707 4159 2742 4232; baseline 0.002 -19"><span class='ocrx_word' id='word_1_231' title='bbox 707 4164 727 4195; x_wconf 80' lang='lat'>⁸</span> <span class='ocrx_word' id='word_1_232' title='bbox 760 4172 809 4214; x_wconf 84' lang='lat' dir='ltr'><strong>et</strong></span> <span class='ocrx_word' id='word_1_233' title='bbox 825 4160 1073 4213; x_wconf 73' lang='lat' dir='ltr'><strong>dt&#39;rnidiam</strong></span> <span class='ocrx_word' id='word_1_234' title='bbox 1097 4159 1263 4227; x_wconf 70' lang='lat' dir='ltr'><strong>terra]</strong></span> <span class='ocrx_word' id='word_1_235' title='bbox 1302 4167 1448 4212; x_wconf 69' lang='lat' dir='ltr'><strong>terrm</strong></span> <span class='ocrx_word' id='word_1_236' title='bbox 1481 4167 1533 4211; x_wconf 81' lang='lat' dir='ltr'><strong>et</strong></span> <span class='ocrx_word' id='word_1_237' title='bbox 1567 4160 1642 4210; x_wconf 77' lang='lat' dir='ltr'><strong>di·</strong></span> <span class='ocrx_word' id='word_1_238' title='bbox 1734 4161 1960 4226; x_wconf 80' lang='lat' dir='ltr'><strong>ejusdem</strong></span> <span class='ocrx_word' id='word_1_239' title='bbox 1991 4160 2205 4214; x_wconf 81' lang='lat' dir='ltr'><strong>Ernaldi</strong></span> <span class='ocrx_word' id='word_1_240' title='bbox 2251 4166 2317 4215; x_wconf 82' lang='lat' dir='ltr'><strong>ad</strong></span> <span class='ocrx_word' id='word_1_241' title='bbox 2362 4165 2524 4227; x_wconf 77' lang='lat' dir='ltr'><strong>Isaac,</strong></span> <span class='ocrx_word' id='word_1_242' title='bbox 2565 4173 2616 4217; x_wconf 85' lang='lat' dir='ltr'><strong>et</strong></span> <span class='ocrx_word' id='word_1_243' title='bbox 2651 4183 2742 4232; x_wconf 87' lang='lat' dir='ltr'><strong>per</strong></span> 
     </span>
     <span class='ocr_line' id='line_1_32' title="bbox 641 4239 2740 4307; baseline 0.002 -15"><span class='ocrx_word' id='word_1_244' title='bbox 641 4242 866 4304; x_wconf 76' lang='lat' dir='ltr'><strong>midiam,</strong></span> <span class='ocrx_word' id='word_1_245' title='bbox 888 4240 949 4292; x_wconf 91' lang='lat' dir='ltr'><strong>P.</strong></span> <span class='ocrx_word' id='word_1_246' title='bbox 1734 4239 1926 4291; x_wconf 85' lang='lat' dir='ltr'><strong>dictum</strong></span> <span class='ocrx_word' id='word_1_247' title='bbox 1948 4240 2091 4292; x_wconf 81' lang='lat' dir='ltr'><strong>Isaac</strong></span> <span class='ocrx_word' id='word_1_248' title='bbox 2123 4242 2272 4294; x_wconf 82' lang='lat' dir='ltr'><strong>nobis</strong></span> <span class='ocrx_word' id='word_1_249' title='bbox 2293 4243 2444 4307; x_wconf 69' lang='lat' dir='ltr'><strong>facta,</strong></span> <span class='ocrx_word' id='word_1_250' title='bbox 2473 4246 2740 4297; x_wconf 81' lang='lat' dir='ltr'><strong>vendicare</strong></span> 
     </span>
    </p>

    <p class='ocr_par' dir='ltr' id='par_1_22' title="bbox 640 4319 2739 4550">
     <span class='ocr_line' id='line_1_33' title="bbox 706 4319 2739 4391; baseline 0.003 -20"><span class='ocrx_word' id='word_1_251' title='bbox 706 4322 725 4351; x_wconf 81' lang='lat'><strong>⁴</strong></span> <span class='ocrx_word' id='word_1_252' title='bbox 750 4328 936 4385; x_wconf 74' lang='lat' dir='ltr'><strong>proeter</strong></span> <span class='ocrx_word' id='word_1_253' title='bbox 968 4356 983 4371; x_wconf 92' lang='lat'><strong>.</strong></span> <span class='ocrx_word' id='word_1_254' title='bbox 1016 4358 1033 4372; x_wconf 86' lang='lat'><strong>.</strong></span> <span class='ocrx_word' id='word_1_255' title='bbox 1068 4357 1081 4370; x_wconf 92' lang='lat'><strong>.</strong></span> <span class='ocrx_word' id='word_1_256' title='bbox 1118 4356 1131 4371; x_wconf 91' lang='lat'><strong>.</strong></span> <span class='ocrx_word' id='word_1_257' title='bbox 1166 4319 1374 4384; x_wconf 72' lang='lat' dir='ltr'><strong>annuis]</strong></span> <span class='ocrx_word' id='word_1_258' title='bbox 1430 4326 1642 4384; x_wconf 80' lang='lat' dir='ltr'><strong>excepto</strong></span> <span class='ocrx_word' id='word_1_259' title='bbox 1733 4321 2064 4383; x_wconf 79' lang='lat' dir='ltr'><strong>studeremus,</strong></span> <span class='ocrx_word' id='word_1_260' title='bbox 2097 4329 2212 4385; x_wconf 70' lang='lat' dir='ltr'><strong>pout</strong></span> <span class='ocrx_word' id='word_1_261' title='bbox 2253 4324 2414 4374; x_wconf 80' lang='lat' dir='ltr'><strong>multa</strong></span> <span class='ocrx_word' id='word_1_262' title='bbox 2456 4324 2512 4374; x_wconf 87' lang='lat' dir='ltr'><strong>in</strong></span> <span class='ocrx_word' id='word_1_263' title='bbox 2557 4326 2739 4391; x_wconf 83' lang='lat' dir='ltr'><strong>quibus</strong></span> 
     </span>
     <span class='ocr_line' id='line_1_34' title="bbox 640 4396 2737 4466; baseline 0.003 -17"><span class='ocrx_word' id='word_1_264' title='bbox 640 4400 773 4463; x_wconf 81' lang='lat' dir='ltr'><strong>quod</strong></span> <span class='ocrx_word' id='word_1_265' title='bbox 794 4400 1025 4449; x_wconf 69' lang='lat' dir='ltr'><strong>dai-eunus</strong></span> <span class='ocrx_word' id='word_1_266' title='bbox 1061 4398 1274 4464; x_wconf 78' lang='lat' dir='ltr'><strong>sing-ulis</strong></span> <span class='ocrx_word' id='word_1_267' title='bbox 1309 4398 1454 4449; x_wconf 85' lang='lat' dir='ltr'><strong>annis</strong></span> <span class='ocrx_word' id='word_1_268' title='bbox 1492 4396 1639 4451; x_wconf 81' lang='lat' dir='ltr'><strong>xviii.</strong></span> <span class='ocrx_word' id='word_1_269' title='bbox 1733 4399 2163 4463; x_wconf 77' lang='lat' dir='ltr'><strong>dissentiebamus,</strong></span> <span class='ocrx_word' id='word_1_270' title='bbox 2181 4402 2246 4452; x_wconf 84' lang='lat' dir='ltr'><strong>ad</strong></span> <span class='ocrx_word' id='word_1_271' title='bbox 2265 4400 2554 4466; x_wconf 77' lang='lat' dir='ltr'><strong>hujusmodi</strong></span> <span class='ocrx_word' id='word_1_272' title='bbox 2569 4412 2737 4455; x_wconf 75' lang='lat' dir='ltr'><strong>tamen</strong></span> 
     </span>
     <span class='ocr_line' id='line_1_35' title="bbox 642 4476 2736 4550; baseline 0.003 -22"><span class='ocrx_word' id='word_1_273' title='bbox 642 4477 874 4528; x_wconf 71' lang='lat' dir='ltr'><strong>denarios</strong></span> <span class='ocrx_word' id='word_1_274' title='bbox 894 4484 1107 4539; x_wconf 81' lang='lat' dir='ltr'><strong>tantum,</strong></span> <span class='ocrx_word' id='word_1_275' title='bbox 1129 4476 1189 4528; x_wconf 90' lang='lat' dir='ltr'><strong>P.</strong></span> <span class='ocrx_word' id='word_1_276' title='bbox 1732 4478 1927 4529; x_wconf 84' lang='lat' dir='ltr'><strong>exitum</strong></span> <span class='ocrx_word' id='word_1_277' title='bbox 1983 4476 2116 4530; x_wconf 85' lang='lat' dir='ltr'><strong>idem</strong></span> <span class='ocrx_word' id='word_1_278' title='bbox 2169 4479 2420 4533; x_wconf 81' lang='lat' dir='ltr'><strong>Ernaldus</strong></span> <span class='ocrx_word' id='word_1_279' title='bbox 2475 4498 2570 4534; x_wconf 84' lang='lat' dir='ltr'><strong>nos</strong></span> <span class='ocrx_word' id='word_1_280' title='bbox 2625 4500 2736 4550; x_wconf 85' lang='lat' dir='ltr'><strong>per-</strong></span> 
     </span>
    </p>

    <p class='ocr_par' dir='ltr' id='par_1_23' title="bbox 644 4555 2736 4707">
     <span class='ocr_line' id='line_1_36' title="bbox 706 4555 1984 4623; baseline 0.002 -18"><span class='ocrx_word' id='word_1_281' title='bbox 706 4558 727 4587; x_wconf 78' lang='lat'>⁸</span> <span class='ocrx_word' id='word_1_282' title='bbox 760 4564 900 4606; x_wconf 81' lang='lat' dir='ltr'><strong>terroe</strong></span> <span class='ocrx_word' id='word_1_283' title='bbox 926 4555 1283 4623; x_wconf 70' lang='lat' dir='ltr'><strong>persolvendis]</strong></span> <span class='ocrx_word' id='word_1_284' title='bbox 1320 4556 1552 4621; x_wconf 68' lang='lat' dir='ltr'><strong>wanting</strong></span> <span class='ocrx_word' id='word_1_285' title='bbox 1582 4556 1638 4605; x_wconf 86' lang='lat' dir='ltr'><strong>in</strong></span> <span class='ocrx_word' id='word_1_286' title='bbox 1732 4558 1898 4615; x_wconf 67' lang='lat' dir='ltr'><strong>(infit,</strong></span> <span class='ocrx_word' id='word_1_287' title='bbox 1923 4556 1984 4608; x_wconf 90' lang='lat' dir='ltr'><strong>P.</strong></span> 
     </span>
     <span class='ocr_line' id='line_1_37' title="bbox 644 4636 2736 4707; baseline 0.003 -21"><span class='ocrx_word' id='word_1_288' title='bbox 644 4636 704 4686; x_wconf 92' lang='lat' dir='ltr'><strong>P.</strong></span> <span class='ocrx_word' id='word_1_289' title='bbox 1801 4638 1822 4667; x_wconf 82' lang='lat'><em>⁰</em></span> <span class='ocrx_word' id='word_1_290' title='bbox 1855 4652 1966 4703; x_wconf 77' lang='lat' dir='ltr'><strong>eryo</strong></span> <span class='ocrx_word' id='word_1_291' title='bbox 2021 4636 2190 4688; x_wconf 71' lang='lat' dir='ltr'><strong>deinde</strong></span> <span class='ocrx_word' id='word_1_292' title='bbox 2232 4638 2336 4706; x_wconf 76' lang='lat' dir='ltr'><strong>die]</strong></span> <span class='ocrx_word' id='word_1_293' title='bbox 2396 4642 2599 4707; x_wconf 83' lang='lat' dir='ltr'><strong>quidem</strong></span> <span class='ocrx_word' id='word_1_294' title='bbox 2653 4644 2736 4693; x_wconf 86' lang='lat' dir='ltr'><strong>die</strong></span> 
     </span>
    </p>

    <p class='ocr_par' dir='ltr' id='par_1_24' title="bbox 638 4706 2736 4856">
     <span class='ocr_line' id='line_1_38' title="bbox 704 4706 2736 4781; baseline 0.003 -17"><span class='ocrx_word' id='word_1_295' title='bbox 704 4716 727 4745; x_wconf 80' lang='lat'>⁸</span> <span class='ocrx_word' id='word_1_296' title='bbox 758 4714 962 4765; x_wconf 69' lang='lat' dir='ltr'><strong>abstulit</strong></span> <span class='ocrx_word' id='word_1_297' title='bbox 993 4753 1006 4766; x_wconf 91' lang='lat'><strong>.</strong></span> <span class='ocrx_word' id='word_1_298' title='bbox 1046 4752 1058 4765; x_wconf 99' lang='lat'><strong>.</strong></span> <span class='ocrx_word' id='word_1_299' title='bbox 1091 4748 1106 4763; x_wconf 91' lang='lat'><strong>.</strong></span> <span class='ocrx_word' id='word_1_300' title='bbox 1144 4714 1455 4781; x_wconf 71' lang='lat' dir='ltr'><strong>carucatam]</strong></span> <span class='ocrx_word' id='word_1_301' title='bbox 1494 4714 1641 4779; x_wconf 81' lang='lat' dir='ltr'><strong>ejecit</strong></span> <span class='ocrx_word' id='word_1_302' title='bbox 1732 4720 1906 4780; x_wconf 75' lang='lat' dir='ltr'><strong>postea</strong></span> <span class='ocrx_word' id='word_1_303' title='bbox 1926 4706 2036 4780; x_wconf 73' lang='lat' dir='ltr'><strong>i&#39;pse</strong></span> <span class='ocrx_word' id='word_1_304' title='bbox 2055 4716 2308 4769; x_wconf 77' lang='lat' dir='ltr'><strong>Ernaldus</strong></span> <span class='ocrx_word' id='word_1_305' title='bbox 2343 4727 2394 4770; x_wconf 81' lang='lat' dir='ltr'><strong>et</strong></span> <span class='ocrx_word' id='word_1_306' title='bbox 2429 4734 2521 4773; x_wconf 73' lang='lat' dir='ltr'><strong>noo</strong></span> <span class='ocrx_word' id='word_1_307' title='bbox 2552 4736 2736 4773; x_wconf 83' lang='lat' dir='ltr'><strong>eonve-</strong></span> 
     </span>
     <span class='ocr_line' id='line_1_39' title="bbox 638 4794 2104 4856; baseline 0 -10"><span class='ocrx_word' id='word_1_308' title='bbox 638 4810 731 4846; x_wconf 78' lang='lat' dir='ltr'><strong>nos</strong></span> <span class='ocrx_word' id='word_1_309' title='bbox 755 4796 817 4845; x_wconf 86' lang='lat' dir='ltr'><strong>de</strong></span> <span class='ocrx_word' id='word_1_310' title='bbox 841 4794 973 4847; x_wconf 80' lang='lat' dir='ltr'><strong>dicta</strong></span> <span class='ocrx_word' id='word_1_311' title='bbox 996 4794 1205 4847; x_wconf 81' lang='lat' dir='ltr'><strong>dimidia</strong></span> <span class='ocrx_word' id='word_1_312' title='bbox 1227 4798 1475 4854; x_wconf 81' lang='lat' dir='ltr'><strong>carucata,</strong></span> <span class='ocrx_word' id='word_1_313' title='bbox 1498 4794 1557 4845; x_wconf 90' lang='lat' dir='ltr'><strong>P.</strong></span> <span class='ocrx_word' id='word_1_314' title='bbox 1734 4794 2019 4856; x_wconf 83' lang='lat' dir='ltr'><strong>niebamus‚</strong></span> <span class='ocrx_word' id='word_1_315' title='bbox 2041 4794 2104 4847; x_wconf 86' lang='lat' dir='ltr'><strong>P.</strong></span> 
     </span>
    </p>
   </div>
   <div class='ocr_carea' id='block_1_8' title="bbox 2427 4896 2468 4945">
    <p class='ocr_par' dir='ltr' id='par_1_25' title="bbox 2427 4896 2468 4945">
     <span class='ocr_line' id='line_1_40' title="bbox 2427 4896 2468 4945; baseline 0 0"><span class='ocrx_word' id='word_1_316' title='bbox 2427 4896 2468 4945; x_wconf 87' lang='lat' dir='ltr'>L</span> 
     </span>
    </p>
   </div>
  </div>
 </body>
</html>
