3519 5734
1256 833 1532 886 mons
1573 832 1795 886 ABBAS
1836 835 2140 886 mnus,
2240 795 2245 802 ¹
2618 817 2751 892 277

659 1009 923 1100 Angliae
990 1014 1294 1104 irrogatis
1345 1016 1601 1102 judicio
1660 1017 1949 1083 ecclesiae
2015 1021 2239 1084 staret.
2358 1013 2523 1082 Mox
2598 1019 2753 1100 ergo
2778 1028 3093 1082 A.D.1195.

659 1115 917 1183 obsides
960 1118 1126 1185 dicti
1171 1119 1437 1186 Ricardi
1465 1121 1640 1208 regis
1669 1119 1935 1208 Angliae
1963 1125 2116 1207 p0st
2162 1120 2534 1208 praestitum
2569 1115 2753 1204 jura-

657 1225 955 1286 mentum
989 1221 1327 1314 Jiberavit.
1419 1222 1678 1289 Deinde
1723 1247 1765 1288 a
1806 1246 1983 1311 papa
2024 1223 2384 1289 Coelestino
2424 1228 2527 1288 est
2570 1221 2755 1286 abso-

655 1319 873 1400 lutus;
919 1330 1327 1391 sacramento
1357 1325 1594 1391 dehinc
1622 1327 1923 1413 praestito
1954 1326 2131 1413 quod
2160 1325 2754 1414 peregrinationem

655 1445 844 1490 suam
888 1427 976 1493 ad
1021 1427 1290 1494 Terram
1335 1428 1650 1496 Sanctam
1695 1452 1893 1516 quam
1954 1429 2149 1496 citius
2194 1433 2417 1517 posset
2462 1429 2749 1504 iteraret,

653 1527 918 1594 tamdiu
959 1530 1210 1597 ibidem
1255 1531 1716 1598 demoraturus
1761 1533 2083 1620 quamdiu
2126 1553 2347 1619 regem
2394 1531 2751 1596 Ricardum

653 1628 728 1694 in
787 1653 910 1696 sua
953 1632 1254 1700 custodia
1298 1633 1661 1714 detinebat,
1707 1635 2005 1726 alioquin
2058 1634 2747 1718 excommunicaretur.

657 1730 917 1799 Deinde
958 1757 1080 1801 rex
1126 1734 1446 1802 Ricardus
1506 1738 1857 1804 correctior
1913 1737 2105 1804 vixit.
2215 1737 2455 1803 Postea
2512 1737 2753 1822 quippe
2778 1741 2948 1794 Death
2970 1746 3031 1797 of

655 1836 884 1902 obiens
956 1837 1319 1925 imperator
1391 1838 1722 1906 Henricus
1799 1845 1858 1918 5,
1925 1840 2041 1927 qui
2107 1841 2324 1926 ipsum
2392 1839 2752 1905 Ricardum
2775 1809 2987 1940 ssssossm‘

655 1937 964 2004 similiter
1024 1939 1098 2006 in
1163 1962 1487 2007 carcerem
1556 1942 1971 2019 detrudebat,
2041 1963 2191 2007 cum
2252 1941 2435 2028 prius
2484 1963 2529 2007 a
2572 1941 2751 2006 dicto
2776 1941 2955 2010 Hem-y
2977 1946 3060 2008 Ὺ..

657 2039 1017 2108 Ooelestino
1078 2063 1252 2130 papa
1294 2045 1994 2123 excommunicaretur,
2054 2049 2355 2110 mortuus
2419 2043 2545 2110 sub
2605 2065 2753 2109 sen-
2776 2011 3057 2128 ssggffiffi]

651 2143 868 2207 tentia
895 2165 1030 2209 non
1075 2145 1298 2231 potuit
1325 2146 1605 2233 sepeliri,
1637 2147 1770 2212 nisi
1815 2151 1933 2212 aut
1975 2146 2240 2212 reddita
2281 2146 2423 2232 regi
2469 2144 2752 2211 Ricardo
2778 2143 2946 2193 cation
2968 2145 3046 2196 for

651 2245 930 2330 pecunia
970 2251 1235 2334 recepta
1277 2254 1398 2314 aut
1444 2249 1550 2313 de·
1568 2249 1998 2335 permissione
2044 2247 2254 2335 ipsius
2296 2251 2493 2313 terrae
2535 2247 2755 2313 trade-
2776 2210 3089 2328 ssffnmffforssn‘

317 2354 368 2405 J.
394 2355 622 2422 Brompt.
648 2353 844 2414 retur.
967 2347 1236 2415 Accidit
1309 2351 1516 2416 etiam
1589 2351 1776 2415 aliud
1850 2348 2027 2436 quod
2098 2370 2320 2435 regem
2395 2349 2752 2414 Ricardum
2778 2342 3017 2395 Richard.

563 2461 577 2476 ⁶
649 2451 862 2516 movit
936 2451 1024 2516 ad
1097 2453 1583 2519 correctionem.
1682 2461 1797 2518 Vir
1856 2460 2096 2531 quidam
2156 2459 2618 2516 cenomannicus
2678 2433 2763 2514 ad·
2777 2456 2963 2508 Vision
2972 2475 3089 2510 seen

653 2551 934 2608 Sanctum
995 2552 1034 2607 J
1036 2554 1283 2610 acobum
1340 2554 1444 2626 pia
1494 2553 1801 2609 devotione
1843 2552 2140 2624 profectus
2191 2569 2395 2623 sospes
2446 2552 2748 2607 remeavit.
2776 2523 3089 2654 Βῖᾗῗὶξῗη

652 2634 768 2704 Qui
803 2636 1176 2707 postmodum
1209 2637 1340 2709 pari
1375 2637 1685 2693 devotione
1730 2636 1959 2707 ignitus
2005 2642 2076 2691 ut
2115 2640 2380 2691 sanctum
2417 2635 2754 2707 sepulcrum
2776 2656 3025 2724 resen-ing
3037 2670 3089 2710 to

651 2718 892 2774 Domini
943 2717 1173 2775 videret
1205 2720 1512 2792 processit.
1589 2719 1704 2776 Oui
1749 2721 1949 2776 forsan
1998 2719 2263 2789 solivago
2305 2719 2545 2790 quidam
2580 2718 2750 2774 terri-
2777 2721 3017 2778 Richard.

651 2811 788 2867 bilis
823 2802 1021 2869 vultu
1065 2813 1356 2885 apparuit.
1444 2813 1799 2870 Pavefactus
1844 2811 2019 2869 homo
2066 2811 2259 2869 crucis
2309 2813 2481 2885 signo
2524 2829 2587 2869 se
2623 2829 2751 2869 mu·

650 2914 819 2969 nivit.
894 2914 1009 2969 1110
1045 2919 1243 2970 autem
1301 2920 1584 2986 tanquam
1643 2914 2019 2987 signaculum
2076 2904 2244 2970 fflud
2304 2913 2749 2985 parvipendens,

655 3010 694 3036 “
731 3007 1184 3080 Nequaquam,''
1222 3008 1434 3080 inquit,
1478 3010 1517 3035 ‘⁶
1541 3008 1652 3063 hoc
1677 3007 1850 3063 modo
1884 3012 1943 3062 te
1966 3007 2123 3063 tueri
2148 3006 2368 3079 poteris
2407 3006 2551 3077 quin
2584 3024 2752 3061 meus

655 3094 692 3119 “
733 3092 834 3147 sis.
910 3092 1098 3148 Porro
1124 3092 1175 3147 si
1198 3091 1508 3164 procidens
1533 3091 1873 3147 adoraveris
1897 3107 1993 3145 me
2016 3091 2228 3146 faciam
2252 3096 2312 3147 te
2335 3090 2750 3163 locupletem.”

649 3183 748 3239 Ad
780 3185 906 3241 haec
930 3176 1155 3263 inquit
1201 3184 1377 3240 homo
1421 3174 1552 3254 ille,
1609 3185 1649 3211 “
1675 3170 1852 3238 Modo
1904 3182 2095 3255 liquet
2141 3188 2202 3239 te
2238 3183 2362 3240 fore
2414 3182 2603 3254 partis
2654 3182 2753 3237 ad-

608 3288 614 3299 ·
655 3280 692 3305 ‘⁸
730 3278 960 3333 versae.¹
1039 3278 1172 3334 Sint
1211 3282 1316 3333 tua
1363 3277 1476 3334 tibi
1491 3298 1510 3341 ς
1562 3276 1712 3332 mihi
1764 3276 1978 3332 sufficit
2014 3275 2239 3332 Christi
2272 3275 2532 3347 largitae,
2576 3292 2751 3345 quem

653 3372 693 3397 “
730 3370 922 3426 solum
957 3370 1198 3427 ador0.”
1289 3368 1403 3426 Cui
1449 3369 1572 3435 ille,
1616 3371 1656 3397 “
1683 3366 1931 3440 Oportet
1964 3372 2025 3423 te
2059 3359 2167 3424 vel
2202 3367 2454 3423 invitum
2489 3366 2751 3437 aliquid2

652 3464 690 3489 ‘⁴
729 3462 804 3517 de
838 3480 968 3518 meo
1003 3460 1283 3519 habere.'’
1355 3462 1436 3517 E't
1456 3479 1590 3517 mox
1619 3460 1871 3532 jactavit
1894 3478 2071 3532 super
2094 3466 2271 3533 caput
2290 3458 2545 3516 hominis
2582 3458 2752 3529 quasi

646 3546 892 3617 pallium
948 3546 1147 3603 tenuis
1205 3546 1489 3611 materiae,
1542 3563 1660 3616 quo
1720 3544 1983 3600 crinibus
2033 3544 2279 3609 adustis,
2334 3544 2487 3599 cutis
2540 3542 2751 3614 capitis

647 3638 956 3710 denigrata
988 3639 1329 3711 permansit.
1421 3638 1618 3693 Homo
1664 3627 1778 3693 ille
1824 3636 2090 3708 trepidus
2140 3637 2421 3693 Sanctum
2464 3635 2503 3690 J
2506 3635 2751 3691 acobum

647 3729 1000 3785 inclamavit.
1079 3728 1194 3797 Qui
1233 3747 1370 3785 mox
1415 3729 1697 3786 assistens
1747 3729 2069 3784 daemonem
2103 3728 2429 3801 increpavit
2440 3749 2458 3793 ς
2511 3745 2579 3784 ac
2616 3727 2749 3798 quis

647 3818 806 3868 esset
841 3811 1056 3883 quidve
1089 3812 1316 3885 negotii
1364 3812 1610 3869 haberet
1655 3813 1986 3885 inquisivit.
2079 3812 2209 3883 Quo
2251 3813 2602 3869 constrictus
2637 3812 2745 3866 im-

644 3895 828 3968 periO,
874 3898 911 3924 ‘⁸
938 3894 1186 3951 Daemon
1220 3896 1412 3962 sum,'’
1438 3897 1652 3968 inquit,
1684 3898 1724 3923 “
1750 3896 2007 3951 humano
2035 3896 2242 3968 generi
2266 3895 2537 3951 infestus.
2613 3895 2744 3966 Ego

649 3984 689 4009 ‘⁶
728 3979 1096 4037 Christianos
1144 3996 1320 4051 reges
1373 3979 1436 4035 in
1486 3978 1756 4036 orientali
1804 3979 2165 4053 profectione
2212 3978 2515 4051 impedivi.
2613 3978 2746 4049 Ego

649 4068 688 4095 “
727 4083 932 4138 regem
967 4063 1289 4120 Ricardum
1322 4082 1430 4136 per
1463 4064 1803 4121 ministrum
1839 4082 2038 4121 meum
2072 4064 2285 4121 ducem
2318 4063 2577 4119 Austriae
2613 4079 2745 4133 cap-

651 4153 691 4179 “
727 4150 931 4207 tivavi.
1008 4148 1140 4220 Ego
1175 4165 1380 4219 regem
1403 4148 1725 4205 Ricardum
1747 4154 2063 4221 postquam
2084 4148 2369 4203 liberatus
2395 4153 2486 4201 est
2514 4145 2744 4217 jugiter

649 4238 688 4263 ‘⁸
728 4232 1148 4298 circumvallo,⁸
1180 4232 1486 4302 potissime
1535 4234 1694 4289 circa
1740 4234 1935 4289 cubile
1982 4232 2111 4305 ejus
2148 4236 2209 4287 et
2242 4232 2401 4287 circa
2433 4230 2741 4288 thesauros

647 4326 682 4355 “
727 4318 868 4405 ejus
913 4344 1058 4397 quos
1095 4316 1290 4382 avide
1334 4324 1660 4382 recondit.”
1748 4324 1887 4381 Hiis
1930 4324 2103 4380 dictis
2151 4322 2379 4378 daemon
2414 4322 2703 4394 disparuit
2720 4347 2739 4389 ;

710 4640 724 4672 ¹
748 4638 990 4706 adversae]
1016 4638 1244 4699 sinim-m,
1265 4640 1491 4706 Brompt.
1806 4641 1827 4671 ⁸
1846 4638 2178 4705 circumvallo]
2204 4641 2398 4703 assisto,
2418 4639 2471 4692 J.
2494 4638 2557 4691 Β.

707 4724 728 4753 ²
745 4718 962 4787 aliquid]
987 4721 1177 4785 aliquit,
1199 4720 1312 4773 MS.
