3519 5734
1348 803 1543 853 Anu
1584 801 1802 852 Annas
1845 803 2118 854 ramus.
2686 791 2772 862 '79

678 983 943 1070 provisa
1005 981 1301 1050 utilitate
1362 981 1681 1049 heredum
1740 1003 2026 1061 suorum,
2085 983 2404 1050 terminos
2467 983 2650 1050 inter
2709 1007 2778 1050 se

678 1084 1179 1173 distinguentes,
1252 1089 1461 1152 certas
1533 1105 1873 1152 mensuras
1943 1087 2422 1174 possessionum
2511 1107 2779 1152 suarum

676 1193 1050 1276 posuerunt,
1111 1190 1199 1255 ad
1258 1188 1617 1255 auferenda.
1681 1188 2044 1254 certamina.
2085 1192 2508 1276 posterorum.
2600 1189 2669 1254 N
2671 1211 2780 1254 am
2803 1191 3031 1274 Anfiquy

676 1293 797 1358 hos
839 1293 1160 1358 terminos
1203 1291 1383 1358 inter
1430 1313 1501 1358 se
1546 1292 1629 1358 de
1672 1291 1885 1358 Melea.
1903 1290 1923 1328 ¹
1972 1297 2380 1379 posuerunt3
2445 1291 2775 1371 videlicet,
2803 1267 3062 1326 ⁸²pm⁰⁰'

675 1397 761 1461 ab
806 1401 1106 1462 extrema.
1148 1399 1339 1484 parte
1383 1395 1745 1481 aquilonali
1789 1394 1980 1462 fossae
2023 1396 2220 1482 parci,
2270 1417 2312 1460 a
2345 1395 2538 1482 jactu
2581 1396 2780 1460 unius

675 1499 915 1566 securis
958 1521 1189 1565 versus
1231 1497 1621 1585 aquilonem,
1666 1519 1873 1584 usque
1916 1499 2002 1564 ad
2049 1497 2626 1585 Swynesholmum
2655 1524 2672 1580 ;
2711 1502 2780 1565 et

673 1625 717 1668 a
760 1601 1262 1689 Swynesholmo
1306 1623 1515 1688 usque
1556 1601 1643 1666 ad
1688 1621 1968 1688 parvum
2017 1599 2568 1684 Collesholmum3
2629 1608 2698 1668 et
2741 1625 2784 1668 a

672 1725 882 1792 parvo
931 1703 1367 1771 Collesholmo
1411 1725 1619 1790 usque
1662 1705 1748 1769 ad
1793 1709 2084 1770 veterem
2127 1710 2396 1792 pontem
2441 1705 2515 1770 in
2567 1705 2780 1770 medio

674 1806 954 1873 marisco
1009 1806 1213 1892 juxta
1278 1807 1597 1894 angulum
1641 1805 1821 1872 bosci
1867 1807 1949 1873 de
1996 1807 2208 1874 Buda.
2297 1805 2391 1874 Et
2434 1807 2550 1873 isti
2619 1814 2780 1874 sunt

674 1908 947 1976 termini
990 1909 1167 1976 inter
1210 1909 1471 1974 Felsam
1516 1913 1587 1974 et
1648 1909 1950 1976 Rudamt
2022 1909 2108 1976 ab
2151 1911 2282 1976 isto
2326 1915 2528 1998 ponte
2571 1931 2780 1998 usque

675 2012 765 2078 ad
832 2031 1143 2100 quercum
1210 2013 1285 2077 in
1351 2010 1743 2078 occidentali
1787 2015 1978 2100 parte
2038 2013 2122 2078 de
2167 2011 2658 2099 Leveryklund‚
2705 2013 2780 2078 in
2805 2033 3030 2086 Ancient

675 2114 863 2202 cujus
928 2113 1149 2182 medio
1211 2114 1657 2202 supereminet
1718 2115 1990 2201 quidam
2057 2114 2478 2197 monticulus,
2525 2117 2598 2182 id
2659 2121 2779 2196 est,
2805 2103 3010 2153 mound.

675 2225 855 2286 terra
914 2217 1290 2305 antiquitus
1357 2222 1668 2306 congesta
1728 2217 1802 2283 in
1865 2217 2136 2284 modum
2179 2217 2376 2296 furni,
2419 2218 2507 2284 ed
2566 2219 2784 2284 erudi—

674 2323 929 2388 tionem
972 2321 1185 2387 futuri
1251 2320 1518 2409 populi;
1586 2324 1657 2385 et
1721 2320 1808 2385 ab
1869 2319 1986 2385 illo
2053 2320 2415 2385 monticulo
2457 2321 2533 2385 in
2593 2327 2783 2407 parte

673 2424 1177 2513 septentrionali
1228 2423 1435 2509 juxta
1495 2422 2064 2510 Tyryngholmum
2131 2443 2340 2509 usque
2383 2423 2463 2488 ad
2511 2429 2782 2510 pontem

674 2529 793 2617 qui
836 2532 1115 2593 vocatur
1176 2546 1345 2612 pons
1413 2524 1642 2599 Eudae,
1689 2525 1814 2589 sub
1889 2544 2022 2610 quo
2087 2528 2452 2611 posuerunt
2517 2526 2784 2612 antiqui

675 2631 992 2719 grandem
1037 2627 1331 2714 lapidem
1376 2627 1449 2691 in
1493 2625 1968 2692 testimonium.
2058 2625 2152 2692 Et
2179 2626 2297 2692 isti
2325 2631 2486 2693 sunt
2511 2627 2782 2694 termini

676 2735 856 2798 inter
925 2731 1202 2797 Melsam
1268 2733 1341 2796 et
1406 2729 1713 2794 Rudamt
1776 2733 1846 2795 et
1911 2728 2068 2796 inde
2128 2729 2528 2797 indirectum
2571 2753 2780 2820 usque

678 2835 765 2901 ad
840 2832 1267 2922 Mapelstubb
1352 2831 1427 2898 in
1502 2831 2018 2912 LumbercoteS,2
2091 2833 2402 2902 veniente
2491 2836 2778 2922 quodam

678 2939 928 3027 duplici
971 2939 1147 3004 fossa
1176 2937 1259 3002 de
1302 2936 1579 3002 marisco
1622 2936 1695 3001 in
1740 2942 2211 3003 transversum.
2304 2938 2398 3003 Et
2438 2938 2779 3005 sciendum

678 3043 853 3132 quod
883 3043 1031 3108 duae
1072 3044 1298 3129 partes
1341 3040 1425 3105 de
1455 3040 1922 3106 Lumbercotes
1942 3037 1971 3076 ⁹
1997 3041 2338 3129 pertinent
2368 3043 2454 3108 ad
2485 3042 2779 3109 Melsam.

678 3147 771 3211 Et
815 3170 857 3213 a.
902 3143 1323 3232 Mapelstubb
1366 3164 1573 3229 usque
1616 3144 1704 3208 ad
1746 3143 2036 3209 mediam
2079 3149 2333 3230 partem
2380 3144 2464 3209 de
2511 3144 2784 3233 Segges-

676 3250 914 3327 holmo,
964 3247 1083 3313 ubi
1127 3268 1329 3313 vacca
1386 3245 1764 3332 antiquitus
1829 3246 2112 3313 humata
2178 3252 2284 3315 est
2343 3246 2652 3313 similiter
2709 3250 2782 3314 in

676 3351 1148 3419 testimonium.
1242 3348 1479 3415 Divisa
1518 3348 1698 3414 inter
1741 3347 2120 3435 Waghnam
2179 3354 2250 3416 et
2312 3349 2670 3436 Swynam:
2741 3374 2784 3417 a

678 3454 1145 3543 Seggesholmo
1207 3474 1417 3539 usque
1478 3452 1567 3517 ad
1626 3450 1966 3517 fraxinum
2034 3474 2234 3539 quam
2299 3452 2630 3519 Hem-icus
2699 3453 2783 3519 de

677 3557 901 3644 Vyrly
943 3556 1223 3623 succidit
1266 3576 1463 3644 super
1508 3552 2143 3636 Braunceholmum3
2173 3560 2244 3621 et
2273 3577 2315 3620 a
2343 3556 2563 3621 media
2590 3560 2782 3643 parte

678 3658 762 3724 de
792 3658 1253 3725 Snoresholmo
1274 3656 1301 3695 ³
1331 3678 1526 3745 super
1555 3656 1772 3746 ripam
1800 3656 1884 3723 de
1915 3656 2126 3723 Hullo
2169 3678 2378 3745 usque
2421 3657 2509 3723 ed
2539 3657 2782 3724 fossam

678 3761 959 3840 comitis,
1022 3760 1139 3827 sed
1200 3761 1654 3827 communiter.
1772 3760 1924 3826 Hac
1985 3765 2212 3827 autem
2278 3760 2494 3826 forma
2565 3761 2783 3827 divisa
2805 3786 2842 3837 f.
2871 3791 2949 3838 13.

678 3869 839 3931 sunt
885 3863 1177 3929 dominia.
1218 3863 1535 3929 villarum
1566 3864 1646 3928 de
1676 3862 1985 3951 Waghna
2028 3870 2098 3930 et
2143 3864 2389 3931 Rowth
2418 3886 2460 3929 a
2488 3866 2783 3931 manerio

678 3967 759 4033 de
807 3966 1033 4046 Melea,
1079 3971 1148 4032 et
1214 3966 1361 4053 ipsa
1426 3966 1638 4032 Melsa
1681 3988 1723 4031 a.
1765 3965 2038 4053 reliquis
2107 3964 2421 4033 dominiis
2462 3966 2588 4033 sibi
2635 3990 2782 4034 con-

676 4070 885 4158 tiguis
927 4074 998 4135 et
1027 4068 1279 4135 vicinis.
1373 4068 1505 4134 Sed
1550 4069 1708 4156 quia.
1750 4069 1891 4135 haec
1936 4066 2172 4135 divisae
2188 4066 2216 4105 ⁴
2261 4068 2451 4155 signa
2479 4074 2550 4135 et
2593 4070 2785 4136 testi-
2805 4076 3022 4129 Modern

678 4174 902 4239 monia
963 4196 1007 4239 a
1066 4171 1399 4238 modernis
1416 4170 1443 4207 ⁶
1486 4172 1753 4258 penitus
1819 4173 2234 4259 ignorantur,
2296 4176 2506 4238 restat
2562 4177 2642 4238 ut
2702 4172 2783 4238 de
2807 4146 3086 4212 boundary.

676 4276 821 4363 ipso
868 4276 1005 4343 solo
1051 4274 1343 4341 dominio
1389 4274 1470 4340 de
1516 4273 1741 4353 Melea,
1773 4274 1856 4340 de
1903 4296 2034 4362 quo
2077 4296 2254 4340 nunc
2297 4276 2537 4363 agitur,
2585 4280 2656 4341 et
2701 4275 2784 4341 de

748 4510 761 4539 ¹
798 4506 856 4558 de
898 4500 1094 4573 Melea]
1158 4511 1279 4556 tunc
1332 4503 1572 4569 temporis
1615 4504 1681 4554 de
1848 4504 1868 4533 ⁴
1899 4501 2098 4569 divim]
2136 4502 2250 4554 haec
2270 4504 2448 4567 divisa,
2471 4504 2532 4557 P.

676 4586 791 4638 1000
812 4602 951 4636 nunc
972 4584 1139 4637 Melsa
1160 4585 1315 4647 dicto,
1337 4584 1399 4634 P.
1847 4584 1869 4613 ⁸
1901 4582 2055 4633 Alter
2074 4582 2314 4635 modernis
2346 4586 2506 4637 insert
2537 4583 2637 4637 hiis
2658 4590 2783 4637 tem-

745 4672 766 4701 ²
798 4668 1159 4735 Lambercotes]
1196 4668 1574 4729 Lumbreootes,
1597 4666 1658 4717 P.
1782 4662 2006 4728 poribus,
2027 4662 2088 4714 P.
2668 4674 2676 4683 ·

746 4750 765 4777 ³
803 4746 1159 4815 Snoredwlmo]
1199 4747 1577 4807 SnuresholmO,
1598 4746 1658 4797 P.
