3519 5734
1376 847 1574 900 anm
1617 849 1832 900 mus
1877 847 2150 902 ramus
2689 838 2820 904 '123

718 1162 889 1228 XXI
898 1162 969 1226 V.
1016 1161 1113 1226 De
1152 1160 1387 1246 ,qratia
1433 1160 1763 1248 episcopis
1789 1161 2121 1250 ..spoliatis
2165 1171 2456 1248 myata;
2521 1163 2821 1230 adventu

898 1263 1363 1351 imperatricis
1428 1263 1517 1329 in
1560 1261 1949 1349 Αηρῑτὶαῃι;
2020 1264 2364 1332 obsidione
2411 1263 2817 1344 Lincol‘niae,

900 1373 960 1432 et
1047 1365 1357 1452 captione
1447 1366 1629 1452 reqie
1714 1363 2048 1454 Stephani
2137 1367 2396 1456 ibidem
2484 1368 2570 1435 in
2659 1367 2820 1436 bello

899 1467 1277 1555 cmpestri.
1654 1493 1663 1502 ·
2049 1471 2054 1476 ’

390 1651 693 1702 Heu-Haut·
811 1653 1109 1738 Interim,
1146 1679 1281 1716 cum
1317 1659 1612 1715 Hem-icus
1678 1659 2002 1732 Wyntoniae
2053 1658 2384 1734 episcopus,
2439 1663 2623 1720 frater
2657 1667 2820 1738 regis
2847 1665 2982 1718 A.D.
3009 1671 3140 1720 1138

387 1734 436 1782 p.
460 1723 573 1770 389.

392 3296 449 3347 J.
472 3297 699 3363 Brompt.

388 3364 486 3413 eol.
515 3368 655 3417 102⁷.

394 3913 449 3964 J.
472 3914 704 3980 Brompt.

391 3980 491 4030 col.
518 3986 662 4033 1029.

722 1755 1061 1842 Stephani,
1096 1767 1221 1838 jam
1268 1762 1501 1833 legatus
1556 1801 1569 1815 .
1625 1800 1639 1816 .
1700 1801 1711 1814 .
1769 1760 2084 1814 concilium
2119 1761 2275 1832 apud
2309 1761 2684 1832 Wyntoniam
2737 1771 2822 1821 te-
2845 1741 3053 1866 ἓξὲξ
3075 1815 3141 1866 of

720 1874 905 1932 neret,
945 1869 1073 1939 ipse
1110 1873 1168 1922 et
1202 1860 1574 1920 Theobaldus
1600 1860 2075 1933 archiepiscopus
2114 1859 2574 1929 cantuariensis,
2615 1879 2823 1942 quon·
2847 1883 3035 1945 pardo„
3057 1890 3110 1932 to

722 1961 875 2024 dam
918 1960 1125 2025 abbas
1171 1953 1527 2031 Beceensis‚
1576 1969 1639 2017 et
1688 1979 1889 2016 omnes
1945 1961 2204 2033 episcopi
2263 1963 2366 2034 qui
2427 1963 2684 2030 aderant,
2749 1967 2824 2022 ad
2847 1948 2932 1997 ΨΘ
2953 1948 3158 2013 bissh⁰P⁸

722 2061 901 2132 pedes
934 2062 1132 2134 regios
1169 2057 1432 2114 devoluti
1455 2059 1609 2120 sunt,
1639 2053 2024 2110 devotissima
2057 2054 2480 2125 supplicatione
2518 2065 2822 2128 poscentes
2846 2014 3136 2133 2ξέξῇῗὲ

722 2161 793 2209 ut
843 2153 1017 2210 dictis
1069 2151 1377 2225 episcopis,
1437 2137 1820 2204 Alexandro
1863 2137 2178 2206 videlicet
2247 2138 2689 2207 Lincolniensi
2753 2149 2822 2210 et
2844 2148 2989 2212 bury.

724 2246 980 2332 Rogero
1027 2243 1516 2318 sarisburiensi,
1552 2249 1952 2321 possessiones
1995 2267 2130 2304 suas
2166 2247 2456 2316 redderet,
2497 2251 2588 2307 et¹
2629 2256 2824 2310 omnia
2848 2228 2882 2278 f·
2913 2233 2988 2277 ¹¹·

724 2349 787 2404 in
820 2367 890 2404 eo
937 2349 1253 2404 commissa
1300 2345 1433 2415 regi
1482 2341 1739 2412 benigne
1795 2340 2167 2396 condonaret.
2247 2341 2366 2396 Sed
2415 2361 2539 2409 rex,
2579 2346 2823 2401 consilio

722 2431 1039 2504 prarorum
1076 2437 1165 2487 tot
1207 2435 1267 2484 et
1300 2435 1600 2484 tantorum
1634 2423 2026 2478 venerandam
2073 2427 2596 2493 prosternationem
2631 2429 2822 2500 despi-

724 2516 903 2580 cienS,
956 2515 1107 2570 nihil
1166 2531 1265 2567 eos
1321 2512 1640 2581 impetrare
1690 2505 1978 2577 permisit.
2057 2503 2144 2558 Ob
2201 2506 2357 2577 quod
2405 2509 2698 2579 patefacta
2734 2519 2826 2567 est
2849 2514 3016 2578 Entry
3037 2515 3097 2564 of

725 2599 932 2654 domus
967 2599 1129 2669 regis
1169 2594 1455 2666 Stephani
1486 2591 1752 2645 finitimae
1778 2588 2259 2643 condemnationi.
2336 2589 2549 2647 Statim
2571 2611 2824 2666 namque
2849 2580 3161 2644 theempress

725 2689 882 2744 dicta
917 2687 1200 2751 Matildis,
1242 2683 1533 2757 quondam
1555 2681 1917 2752 imperatrix,
1957 2671 2096 2735 filia
2137 2673 2310 2758 regis
2343 2674 2634 2754 Hem-ici,
2666 2683 2827 2745 tunc
2850 2646 3122 2780 ἕξοῇξζε-

726 2803 893 2845 uxor
954 2777 1238 2844 Galfridi
1305 2775 1564 2841 comitis
1608 2773 2030 2858 Andegaviae,
2079 2782 2175 2837 cui
2227 2783 2450 2855 Anglia
2490 2787 2825 2856 juramento
2849 2779 2985 2829 land·

724 2890 959 2947 addicta.
1006 2891 1217 2955 fuerat,
1272 2880 1357 2944 ad
1419 2877 1845 2963 opprobrium
1910 2876 2071 2942 dicti
2133 2877 2308 2963 regis
2369 2878 2690 2967 Stephani
2761 2894 2824 2947 in

724 2992 1004 3063 Angliam
1028 2987 1419 3045 ¹³»,‹3.x1·‹³111;2³.bat.²
1470 2979 1704 3044 Dictus
1734 2982 1958 3043 autem
1991 2978 2287 3065 Rogerus
2319 2980 2824 3050 Sarisburiensis
2848 2993 3016 3042 Death
3039 2994 3100 3043 of

725 3050 1062 3171 episcopus
1091 3083 1415 3169 repulsam
1463 3081 1854 3168 petitionem
1899 3082 2345 3169 episcoporum
2375 3084 2822 3170 ingemiscens
2847 3059 3136 3177 ἓξὲξ-’ἕῳ

724 3191 794 3252 et
846 3187 1003 3272 quia
1076 3184 1434 3271 pecuniam,
1512 3183 1701 3268 quasi
1769 3182 2212 3269 quadraginta
2270 3184 2476 3249 millia
2552 3210 2819 3268 marcas,
2846 3193 2991 3257 bury.

724 3311 923 3376 quam
1008 3288 1082 3353 in
1172 3286 1363 3352 dictis
1437 3285 1719 3350 castellis
1780 3285 2145 3371 dereliquit,
2216 3286 2541 3369 amiserat,
2615 3290 2824 3367 nimia

724 3391 1001 3459 tristitia
1066 3390 1459 3467 infirmatus,
1530 3387 1811 3453 obiebat.
1891 3388 2365 3474 Accipiensque
2425 3412 2545 3455 rex
2603 3393 2823 3479 ipsum

725 3494 1127 3570 thesaurum,
1178 3493 1319 3577 ipso
1371 3489 1834 3556 Constantiam
1899 3511 2185 3555 sororem
2255 3488 2589 3558 Lodowici
2649 3497 2823 3582 regis

728 3595 1129 3660 Francorum
1175 3592 1529 3657 Eustachio
1573 3591 1711 3656 filio
1755 3612 1874 3655 suo
1920 3592 2340 3677 comparavit.
2425 3593 2568 3659 Nec
2611 3598 2823 3663 multo
2847 3608 3018 3673 Niga,

725 3701 877 3782 post
922 3694 1260 3780 Nigellum
1292 3694 1621 3759 Eliensem
1652 3694 2042 3779 episcopum,
2074 3694 2234 3780 quia
2276 3716 2478 3780 nepos
2522 3698 2823 3783 praedicti
2846 3674 3115 3805 {iffiogxfff

728 3798 967 3883 Rogeri
1027 3795 1528 3861 sarisburiensis
1578 3795 1864 3883 episcopi
1918 3795 2154 3875 fuerat,
2199 3819 2240 3860 a
2283 3818 2402 3861 suo
2447 3800 2825 3889 episcopatu
2849 3806 3016 3885 pellea
3027 3808 3156 3858 stom

728 3898 1079 3985 effugabat.
1148 3895 1437 3977 Quarto⁸
1481 3918 1655 3962 anno
1697 3897 1886 3983 regni
1929 3897 2137 3984 ipsius
2182 3898 2521 3986 Stephani,
2553 3905 2827 3987 praefata
2849 3872 3092 4016 {222⁵

728 4000 1029 4067 Matildis
1102 3998 1491 4085 imperatrix
1565 3998 1880 4085 Angliam
1953 4000 2226 4065 veniens
2315 4001 2654 4068 castellum
2742 4006 2824 4070 de
2851 4018 2912 4067 os
2924 4019 3011 4071 the

727 4102 1089 4170 Arundelle
1156 4092 1285 4167 §ibi
1352 4100 1749 4187 patefactum
1823 4101 2124 4168 intravit.
2222 4101 2435 4182 Quam
2499 4124 2648 4170 cum
2705 4129 2825 4173 rex
2850 4098 3082 4202 ffiffi·
3124 4172 3130 4177 ,

724 4205 971 4272 ibidem
1017 4202 1393 4283 obsedisset,
1424 4202 1533 4267 vel
1575 4202 1824 4289 perfida
1868 4204 2134 4269 credens
2181 4206 2467 4285 consilia,
2514 4208 2625 4272 vel
2669 4210 2826 4295 quia
2882 4264 2892 4277 .

728 4316 1014 4375 castrum
1058 4305 1333 4371 videbat
1374 4304 1907 4392 inexpugnabile,
1954 4306 2357 4372 obsidionem
2405 4306 2824 4378 dissolvebat.

732 4410 887 4499 Ipsa
930 4408 1197 4496 quidem
1263 4406 1421 4474 inde
1487 4428 1743 4495 egressa
1787 4408 1965 4495 apud
2018 4414 2308 4476 castrum
2353 4410 2433 4475 de
2480 4410 2824 4499 Brystowe

795 4674 811 4705 ¹
846 4673 918 4740 et]
956 4681 1029 4735 ut,
1052 4673 1121 4724 H.
1142 4673 1212 4724 Η.
1885 4674 1905 4703 ⁸
1947 4671 2166 4743 Quarto]
2204 4673 2380 4738 Sexte,
2400 4675 2627 4741 Brompt.

792 4754 815 4784 ²
846 4750 1167 4818 adventabat]
1204 4750 1361 4815 venit,
1383 4752 1450 4804 H.
1474 4752 1543 4803 H.
