3519 5734
1195 818 1470 868 'rfloMAs
1516 818 1734 867 ABBAs
1780 818 2089 866 TERTHJS.
2559 803 2689 869 237

593 991 848 1063 praestiti
907 992 1482 1047 commemoratoriis.
1586 990 1702 1045 Sed
1749 1008 1853 1044 rex
1904 1007 2249 1061 responsum
2307 1007 2495 1059 usque
2544 990 2692 1044 Lon·
2717 996 2855 1047 ΑΒ.
2880 1002 3007 1047 1183

597 1075 800 1131 donias
866 1076 1236 1147 prorogabat.
1348 1073 1606 1130 Tandem
1667 1092 1801 1129 cum
1859 1074 2032 1129 multi
2091 1074 2166 1129 ad
2222 1074 2693 1145 praedicationem
2715 1066 2896 1113 -11822

596 1168 944 1239 patriarchae
992 1185 1060 1222 ac
1095 1168 1418 1222 Baldewini
1454 1158 1920 1243 archiepiscopi
1957 1182 2127 1220 cruce
2164 1166 2553 1235 signarentur,
2592 1184 2695 1219 rex
2716 1148 2787 1262 ‘⁰¹32‘
2809 1148 3001 1264 Hem&

597 1260 894 1315 Henricus
947 1260 1250 1331 respondit
1303 1259 1461 1331 quod
1515 1266 1701 1313 terras
1753 1277 1889 1313 suas
1942 1258 2159 1327 absque
2206 1257 2391 1319 tutela
2426 1257 2694 1311 deserere
2718 1228 2937 1329 ἓξὲξξὲ
3002 1240 3029 1251 “

597 1360 716 1398 non
749 1350 964 1415 posset,
1015 1361 1121 1398 nec
1175 1343 1534 1397 Francorum
1569 1344 1877 1414 rapacitati
1937 1360 2035 1397 eas
2082 1358 2386 1411 exponere,
2428 1341 2532 1395 sed
2566 1360 2695 1412 pro·
2718 1348 3013 1397 Jerusalem.

598 1426 814 1483 ficisci¹
869 1422 1130 1482 volentes
1153 1418 1543 1481 'abundanter
1567 1426 1588 1459 2
1642 1428 1714 1481 de
1767 1444 1873 1482 suo
1926 1426 2262 1497 respiceret.
2356 1426 2469 1481 Cui
2516 1426 2697 1496 patri-

599 1512 810 1567 archa:
880 1514 918 1538 ‘⁴
944 1511 1116 1564 Nihil
1167 1552 1180 1565 .
1238 1552 1252 1565 .
1308 1551 1322 1564 .
1395 1512 1546 1581 agis,
1609 1528 1730 1565 rex.
1828 1510 2164 1581 Principem
2203 1510 2539 1580 quaerimus,
2578 1528 2694 1563 non

603 1597 644 1622 “
680 1596 1003 1666 pecuniam.
1129 1593 1418 1662 Quaelibet
1475 1613 1640 1665 paene
1700 1612 1838 1666 pars
1903 1594 2107 1647 mundi
2166 1594 2469 1664 pecuniam
2527 1594 2695 1648 nobis

605 1680 644 1704 ‘⁸
681 1678 885 1741 mittit,
945 1677 1049 1731 sed
1103 1678 1429 1748 principem
1482 1678 1663 1731 nulla.
1761 1678 1975 1732 Virum
2034 1678 2219 1747 igitur
2276 1679 2532 1748 petimus
2594 1677 2696 1748 qui

605 1764 644 1789 “
687 1762 992 1833 pecuniam
1027 1761 1273 1832 indiget,
1313 1779 1428 1815 non
1461 1762 1772 1832 pecuniam
1810 1780 1940 1832 quae
1974 1761 2103 1815 viro
2139 1761 2333 1831 eget.”
2428 1762 2699 1816 Recessit

602 1845 788 1916 igitur
812 1845 1146 1915 patriarcha
1173 1862 1274 1915 spe
1301 1845 1636 1899 frustratus.
1702 1844 1888 1912 Quem
1923 1862 2025 1898 rex
2061 1862 2248 1915 usque
2285 1845 2361 1899 ad
2382 1863 2542 1899 mare
2565 1863 2697 1916 pro-

604 1928 975 1999 sequebatur,
1003 1932 1072 1981 ut
1093 1928 1189 1981 vel
1219 1924 1357 1997 [sic]
1385 1928 1677 1983 consuetis
1713 1928 2016 1983 blanditiis
2054 1928 2337 1983 offensum
2372 1929 2693 2000 mitigaret.

605 2010 719 2065 Oui
754 2012 838 2065 ait
871 2010 1238 2081 patriarcha:
1283 2012 1320 2035 “
1347 2010 1650 2066 Hactenus
1703 2012 1967 2081 regnasti
2005 2012 2294 2083 gloriose;
2353 2014 2459 2067 sed
2494 2013 2698 2067 amodo
2721 2022 2818 2073 His
2839 2039 2955 2087 pro-

607 2097 646 2121 “
685 2099 743 2149 te
782 2094 1013 2149 deseret
1049 2111 1220 2164 quem
1270 2100 1336 2148 tu
1395 2094 1726 2149 deseruisti.
1820 2095 2035 2149 Recole
2086 2114 2215 2165 quoe
2266 2096 2551 2151 Dominus
2587 2098 2697 2151 tibi
2722 2090 2884 2167 Phflssy
2906 2090 2967 2139 Of

607 2181 644 2205 ‘⁶
685 2178 934 2232 contulit
969 2184 1030 2231 et
1067 2177 1319 2246 qualiter
1371 2178 1461 2231 illi
1515 2178 1877 2248 rependisti3
1936 2180 2222 2249 quomodo
2266 2181 2399 2250 regi
2434 2180 2698 2236 Franciae
2721 2156 2941 2271 {msfm-t-o

607 2262 647 2288 “
683 2260 938 2316 infidus³
989 2261 1176 2323 suisti,
1217 2261 1452 2314 beatum
1497 2262 1779 2315 Thomam
1834 2262 2116 2327 occidisti,
2159 2269 2219 2316 et
2268 2281 2421 2317 nunc
2472 2270 2697 2333 protec-
2726 2239 2920 2354 ἓὲξξγ·

607 2347 645 2373 “
681 2346 903 2399 tionem
941 2344 1407 2399 Christianorum
1433 2344 1759 2415 abjecisti.'’
1801 2344 2066 2415 Cumque
2103 2345 2178 2401 ad
2202 2346 2325 2400 haec
2359 2365 2463 2401 rex
2499 2365 2701 2402 excan-

603 2428 886 2493 desceret,
926 2429 1141 2482 obtulit
1186 2428 1241 2481 ei
1288 2428 1620 2497 patriarcha
1655 2433 1830 2497 caput
1879 2446 2051 2481 suum
2089 2435 2149 2483 et
2183 2430 2417 2493 collum,
2458 2430 2697 2485 dicens:

607 2514 648 2538 ‘⁸
686 2512 806 2566 Fac
855 2511 928 2565 de
964 2529 1060 2563 me
1099 2510 1256 2579 quod
1290 2510 1364 2563 de
1401 2511 1624 2563 Thoma
1673 2510 1883 2563 fecisti.
1960 2511 2125 2564 Adeo
2170 2512 2305 2565 volo
2351 2513 2537 2567 occidi
2574 2532 2609 2567 a
2644 2520 2701 2568 te

608 2597 646 2621 “
683 2596 748 2648 in
779 2594 1002 2664 Anglia
1025 2594 1178 2647 sicut
1200 2611 1234 2647 a
1272 2592 1608 2647 sarracenis
1632 2594 1695 2646 in
1722 2592 1896 2656 Siria,
1928 2595 2067 2663 quia
2099 2600 2167 2648 ’tu
2202 2595 2359 2649 omni
2384 2595 2705 2651 Sarraceno

608 2678 646 2703 “
685 2676 850 2747 pejor
887 2676 1010 2731 es.”
1088 2676 1200 2729 Oui
1236 2692 1378 2729 rex:
1424 2679 1460 2701 ‘⁴
1482 2675 1548 2730 Si
1585 2693 1785 2729 omnes
1822 2676 2085 2731 homines
2122 2678 2238 2731 mei
2275 2695 2457 2732 unum
2492 2697 2702 2750 corpus

609 2761 647 2786 “
687 2764 897 2822 essent,
938 2776 1170 2827 unoque
1231 2775 1330 2811 ore
1390 2758 1788 2827 loquerentur,
1846 2777 1961 2813 non
2019 2759 2301 2816 auderent
2357 2762 2500 2817 talia
2558 2764 2705 2817 mihi

609 2845 647 2871 “
683 2842 940 2897 dicere.”
1017 2841 1128 2897 Cui
1181 2842 1317 2896 ille:
1368 2842 1564 2897 “Non
1600 2848 1692 2898 est
1725 2842 1973 2910 mirum3
2017 2844 2155 2915 quia
2189 2850 2293 2900 tua
2326 2864 2441 2900 non
2477 2852 2535 2901 te
2572 2846 2703 2901 dili-

609 2930 649 2954 “
688 2932 854 2998 gunt.
929 2927 1232 2981 Praedam⁴
1286 2944 1400 2980 non
1436 2926 1732 2980 hominem
1774 2928 2040 2997 sequitur
2076 2929 2251 2982 turba
2306 2929 2465 2984 ista.⁵
2542 2931 2705 2986 Tunc

609 3013 648 3038 ‘⁸
687 3029 823 3065 rex:
870 3010 1224 3064 “Recedere
1261 3027 1374 3064 non
1409 3028 1669 3080 possum,
1711 3011 1851 3081 quia
1874 3011 1979 3065 filii
2016 3013 2134 3066 mei
2169 3013 2479 3084 insurgent
2512 3015 2574 3068 in
2610 3016 2707 3069 ab·

608 3097 647 3121 “
687 3093 969 3149 sentem.''
1045 3093 1157 3147 Cui
1192 3093 1294 3147 ille
1322 3116 1335 3159 3
1381 3094 1562 3148 “Nec
1585 3095 1833 3161 mirum3
1877 3095 2015 3166 quia
2048 3095 2121 3149 de
2157 3096 2387 3152 diabolo
2422 3105 2709 3153 venerunt

609 3182 648 3205 “
686 3183 748 3233 et
781 3178 857 3234 ad
891 3177 1188 3232 diabolum
1223 3177 1454 3234 ibunt.”

607 3449 766 3519 CAP.
815 3453 936 3519 IX.
983 3454 1087 3518 De
1129 3450 1450 3516 ‘mirabili
1494 3450 1761 3516 visione
1804 3451 1996 3537 apud
2040 3453 2599 3538 Dunstapulasm;
2644 3459 2705 3518 et
2728 3462 2835 3513 1:31
2859 3463 2905 3514 b.

788 3555 977 3619 obitu
1009 3553 1320 3639 Gaffndi
1365 3553 1634 3618 comitis
1677 3553 2075 3619 Britannice
2108 3580 2131 3631 ,·
2178 3554 2257 3619 de
2292 3554 2704 3640 profectione

783 3655 1128 3720 Frederici
1173 3653 1610 3740 imperatoris
1660 3677 1889 3720 versus
1937 3655 2216 3721 Teanam
2266 3657 2593 3722 Sanctam
2646 3663 2705 3722 et

787 3757 926 3842 ejus
969 3755 1153 3821 obitu
1183 3781 1212 3836 ,·
1273 3757 1352 3821 <Ie
1411 3756 1636 3821 abbate
1682 3757 2002 3822 Joachim
2060 3757 2145 3823 in
2208 3759 2529 3825 Calabria
2550 3782 2578 3838 ;
2626 3760 2706 3825 de

782 3858 1126 3944 proposito
1173 3879 1408 3942 reywm
1451 3859 1771 3923 Francioe
1816 3865 1877 3924 et
1904 3860 1967 3924 A
1980 3859 2186 3944 nylioe
2210 3861 2706 3946 pereyrinandi

791 3982 1022 4026 versus
1087 3961 1364 4024 Terram
1425 3960 1753 4026 Sanctam
1778 3987 1805 4040 ,·
1873 3961 1953 4026 de
2016 3961 2276 4027 decima
2320 3983 2367 4027 a
2410 3962 2579 4028 clero
2646 3969 2707 4028 et

777 4061 1034 4148 populo
1079 4068 1329 4126 extorta
1345 4084 1374 4140 ,·
1420 4069 1480 4127 et
1525 4061 1870 4128 discordia
1920 4063 2101 4128 inter
2142 4063 2325 4149 ipeos
2368 4085 2561 4147 reyes.

1079 4224 1094 4238 ,
1525 4223 1566 4239 ,,
1800 4227 1813 4240 ,
2730 4180 2863 4230 ΑΒ.
2893 4188 3039 4244 1187,

697 4225 846 4290 Rex
876 4247 1030 4310 ergo
1074 4245 1216 4310 lpse
1261 4246 1410 4288 cum
1456 4225 1606 4289 alus
1637 4225 1722 4289 ad
1767 4225 2175 4291 liberandam
2206 4227 2467 4292 Terram
2503 4227 2701 4292 Sanc·
2733 4253 2875 4298 1188.

607 4335 748 4394 tam
794 4327 875 4392 de
922 4325 1294 4392 Sarracenis
1340 4326 1436 4390 ire
1479 4327 1899 4412 proponebat.
1992 4329 2101 4393 Ad
2146 4327 2331 4414 cujus
2372 4351 2703 4417 expensas,
2730 4325 3039 4456 {it-2313&

2767 4473 2799 4507 o
2820 4465 2873 4508 to
2894 4460 2980 4509 the

679 4548 696 4578 ¹
722 4547 1000 4612 proficisci]
1039 4547 1297 4611 proscissi,
1321 4547 1434 4598 Ms.
1778 4551 1797 4579 ⁴
1829 4547 2084 4615 Praedam]
2123 4551 2335 4613 Praedia,
2359 4552 2421 4603 R.
2446 4552 2514 4603 Η.
2732 4474 3041 4589 ᾖοῑῖωᾱ·

677 4627 700 4658 ²
731 4625 1062 4690 abundanter]
1099 4626 1458 4690 habundanter,
1483 4627 1594 4677 MS.
1775 4628 1795 4656 ⁸
1829 4628 1951 4693 ista]
1989 4630 2078 4691 ita,
2098 4629 2159 4679 R.
2184 4629 2252 4681 H.

680 4707 700 4736 ⁸
735 4703 940 4770 infidus]
979 4704 1179 4756 insidiis
1201 4705 1253 4755 in
1279 4705 1392 4756 MS.
