3519 5734
714 833 846 898 124
1365 842 1566 894 Anni
1606 830 1827 894 ABBAs
1868 845 2146 898 ramus.

712 1041 782 1086 se
853 1019 1115 1106 recepit,
1184 1021 1255 1084 et
1327 1017 1577 1083 ibidem
1651 1039 1769 1104 per
1829 1040 2079 1084 annum
2154 1023 2224 1085 et
2286 1018 2641 1084 dimidium
2703 1023 2806 1084 est

710 1127 1132 1188 commorata.
1240 1119 1466 1206 Atque
1526 1142 1645 1206 per
1710 1124 1924 1185 totam
1986 1121 2302 1208 Angliam
2362 1143 2480 1208 per
2544 1121 2806 1186 litteras

710 1245 864 1290 suas
925 1244 1149 1288 omnes
1192 1227 1264 1288 et
1307 1221 1599 1308 singulos
1645 1222 1956 1288 obnixius
2000 1223 2336 1300 exorabat,
2374 1223 2686 1308 quatinus
2731 1223 2806 1288 in

710 1349 830 1392 sua
892 1326 1259 1392 hereditate
1321 1324 1723 1411 acquirenda
1767 1325 1830 1390 ei
1896 1347 2032 1411 pro,
2059 1325 2316 1390 viribus
2360 1325 2802 1390 confaverent.

712 1428 1084 1496 Coadunati
1129 1449 1282 1515 ergo
1328 1427 1723 1514 Ranulphus
1768 1449 1982 1502 comes
2029 1425 2304 1494 Oestriae
2349 1433 2419 1492 et
2461 1427 2578 1490 alii
2607 1449 2806 1512 quam

672 1521 693 1544 ⁸
708 1532 945 1618 plureS,
979 1531 1095 1618 qui
1135 1529 1540 1618 imperatrici
1586 1529 2032 1608 adhaerebant,
2061 1550 2131 1594 se
2174 1530 2353 1616 apud
2397 1529 2806 1594 Lincolniam

376 1648 528 1715 siege
549 1650 611 1702 of
708 1637 1123 1720 exceperunt.
1216 1631 1511 1712 Quorum
1553 1631 1806 1697 ibidem
1849 1631 2202 1697 essentiam
2245 1653 2365 1697 rex
2394 1632 2803 1718 perpendens

374 1715 685 1850 ggffiffi,b⁷
709 1735 1118 1802 Lincolniam
1162 1733 1539 1800 obsedebat.
1633 1734 1777 1820 Ipsi
1842 1739 2069 1799 tamen
2113 1733 2394 1798 interius
2441 1733 2804 1799 existentes
2850 1778 2858 1786 -

708 1845 939 1904 contra
982 1835 1503 1925 oppugnationes
1564 1836 1780 1922 regias
1824 1857 1941 1922 per
1984 1841 2247 1922 tempus
2289 1856 2428 1900 non
2473 1835 2803 1900 modicum
2899 1907 2912 1923 .

708 1942 1049 2006 civitatem
1113 1939 1411 2004 vivacius
1459 1938 1908 2004 defensabant.
2019 1937 2152 2004 Sed
2219 1947 2446 2003 tamen
2505 1944 2800 2024 tempore

706 2044 1023 2130 adoptato
1067 2041 1314 2126 absque
1343 2040 1517 2105 malo
1559 2040 1793 2106 habito
1835 2041 2048 2126 ipsam
2078 2040 2422 2106 civitatem
2468 2041 2810 2107 subtiliter

706 2167 827 2232 pro
869 2145 1069 2210 libitu
1114 2148 1273 2208 sunt
1301 2141 1559 2228 egressi.
1638 2143 1786 2207 Rex
1829 2142 2039 2229 igitur
2083 2142 2425 2208 civitatem
2455 2143 2794 2230 ingressus

705 2270 911 2334 usque
956 2246 1043 2312 ad
1086 2245 1616 2311 Purificationem
1662 2245 1886 2310 Beatae
1933 2245 2165 2310 Mariae
2217 2246 2288 2310 in
2333 2267 2412 2308 ea
2455 2245 2800 2310 residebat.

706 2349 928 2436 Igitur
1013 2354 1243 2414 contra
1315 2347 1474 2412 Puri
1482 2347 1849 2412 ficationem
1941 2347 2168 2412 Beatae
2256 2346 2502 2424 Mariae,
2580 2347 2798 2411 dictus

704 2449 1095 2538 Ranulphus
1157 2469 1369 2514 comes
1414 2447 1706 2525 Cestriae,
1752 2447 2082 2514 Robertus
2126 2470 2328 2534 gener
2389 2435 2564 2530 suuS,
2616 2448 2800 2514 filius

702 2553 947 2618 nothus
1014 2551 1290 2616 Hem-ici
1378 2551 1551 2637 regis
1627 2556 1697 2615 et
1770 2550 1978 2616 frater
2051 2549 2511 2636 imperatricis„
2587 2572 2799 2616 comes

368 2668 551 2722 Defeat
565 2675 666 2722 and
704 2654 1097 2734 Gloverniae,
1146 2653 1347 2740 Hugo
1395 2653 1616 2738 Bygot
1682 2657 1751 2717 et
1821 2651 2150 2718 Robertus
2195 2651 2380 2737 Oyle,
2427 2674 2576 2717 cum
2623 2651 2801 2717 Wal-

368 2740 656 2857 ξῗξῗζζζοῗ
701 2756 995 2821 lensibus
1038 2762 1108 2820 et
1152 2755 1299 2820 aliis
1368 2776 1531 2839 quos
1594 2759 1908 2840 poterant
1973 2775 2336 2841 procurare,
2385 2754 2795 2820 Lincolniam

454 2821 489 2870 p
590 2842 604 2857 ’
702 2863 1149 2924 convenerunt
1192 2855 1281 2921 ad
1340 2878 1560 2943 regem
1625 2857 1872 2942 pariter
1932 2855 2416 2923 debellandum.
2513 2856 2605 2922 Et
2649 2879 2799 2923 cum

703 2960 1011 3049 paludem
1074 2960 1505 3024 arundineam
1564 2958 1685 3023 vix
1752 2960 2278 3046 pertransissent,
2333 2960 2599 3025 aciebus
2667 2961 2799 3025 dis-

702 3063 947 3149 positis,
992 3083 1215 3148 regem
1258 3060 1427 3125 bello
1472 3066 1630 3125 sunt
1674 3062 1982 3149 aggressi.
2093 3061 2242 3147 Ipse
2301 3061 2504 3127 etiam
2551 3062 2798 3126 Ranul-

700 3164 871 3251 phus
930 3184 1079 3229 cum
1124 3162 1259 3227 suis
1302 3162 1508 3227 aciem
1569 3162 1869 3247 primam,
1916 3163 2270 3229 secundam
2315 3162 2420 3227 illi
2465 3184 2628 3248 quos
2672 3185 2792 3229 rex

702 3266 1073 3354 Stephanus
1115 3265 1559 3343 exheredavit,
1591 3265 1860 3329 tertiam
1901 3266 2232 3331 Robertus
2276 3286 2490 3330 comes
2523 3263 2796 3329 Glover-

698 3370 830 3435 niae
876 3390 1025 3434 cum
1068 3368 1223 3445 suis,
1252 3372 1782 3432 construxerunt.
1860 3366 1924 3431 A
1970 3367 2178 3432 latere
2207 3388 2363 3431 vero
2407 3371 2550 3431 erat
2595 3365 2794 3431 turba

700 3470 1150 3550 Wallensium,
1226 3470 1439 3555 magis
1512 3468 1792 3534 audacia
1865 3490 2064 3555 quam
2153 3471 2357 3533 armis
2445 3469 2794 3537 instructa.

700 3574 847 3638 Rex
888 3577 1113 3637 autem
1159 3571 1551 3658 Stephanus,
1595 3572 1670 3636 in
1713 3572 1821 3635 die
1868 3572 2021 3635 Puri
2031 3571 2372 3648 ficationis‚
2416 3570 2541 3635 sub
2585 3572 2798 3637 tantis

700 3675 970 3741 aestibus
1058 3673 1437 3752 fluctuosuS,
1528 3672 1903 3739 celebrante
1999 3672 2384 3737 Alexandro
2474 3673 2810 3761 episcopo,-

700 3776 965 3841 missam
1010 3774 1291 3856 audivit,
1338 3782 1409 3839 et
1469 3775 1544 3839 in
1612 3774 1755 3860 ejus
1799 3774 2106 3839 manibus
2149 3796 2373 3841 cereus
2437 3797 2633 3861 quem
2677 3798 2798 3843 rex

699 3878 948 3945 obtulit
1038 3876 1405 3943 confractus
1480 3883 1598 3955 est,
1677 3882 1746 3942 et
1821 3877 1996 3963 pixis
2071 3898 2268 3963 supra
2355 3878 2565 3943 altare
2641 3900 2792 3963 quae

696 3981 980 4047 hostiam
1042 3979 1394 4056 continuit,
1447 3980 1658 4044 fracta
1724 3978 2028 4057 cathena,
2073 3980 2354 4060 cecidit3
2424 3980 2614 4065 quod‘
2664 3981 2796 4047 fuit

695 4084 835 4171 regi
878 4084 1143 4169 signum
1188 4080 1420 4172 ruinae.
1516 4080 1684 4145 Inde
1752 4085 1976 4145 autem
2020 4080 2107 4145 ad
2175 4080 2423 4146 bellum
2468 4104 2587 4147 rex
2649 4104 2796 4167 pro-

693 4184 997 4270 grediens
1085 4188 1319 4270 captus
1392 4181 1541 4260 fuit,
1616 4180 1834 4247 adhuc
1907 4181 2048 4268 ejus
2137 4183 2273 4248 acie
2363 4190 2788 4272 repugna-nte.

696 4286 920 4343 Civitas
956 4285 1143 4357 igitur
1176 4284 1380 4340 hostili
1415 4284 1548 4355 lege
1584 4284 1818 4356 direpta
1851 4291 1959 4349 est,
2000 4291 2061 4340 et
2093 4300 2199 4339 rex
2231 4282 2346 4357 [in]
2385 4303 2514 4341 eam
2549 4285 2788 4341 misera-
2813 4284 2949 4338 Heu.
2964 4286 3130 4339 Hunt.

358 4372 635 4439 Imprison-
692 4370 893 4426 biliter
928 4375 1020 4423 est
1054 4368 1347 4423 inductus.
1422 4367 1651 4423 Deinde
1687 4367 1801 4423 Dei
1840 4368 2068 4440 judicio
2103 4370 2260 4426 circa
2293 4387 2498 4441 regem
2533 4378 2786 4441 peracte,
2813 4368 2864 4419 P·
2887 4359 3002 4405 ³⁹²·

363 4450 505 4491 ¹³0¹st
525 4450 581 4491 ⁸¹²
692 4454 931 4511 ducitur
989 4451 1065 4507 ad
1122 4452 1558 4522 imperatricem
1618 4456 1681 4508 et
1738 4452 1802 4506 in
1851 4452 2006 4507 turri
2058 4453 2131 4507 de
2191 4453 2464 4523 Brystow
2523 4448 2790 4525 captivus

356 4506 561 4559 Bristol.
694 4546 949 4620 ponitur,
1018 4540 1089 4601 et
1147 4534 1399 4602 ibidem
1458 4558 1575 4622 per
1634 4536 1988 4601 dimidium
2047 4557 2295 4603 annum
2355 4543 2585 4603 tentus
2645 4540 2792 4603 vin-

690 4639 967 4707 culatur.
