3519 5734
1155 857 1583 910 ALEXANDER
1627 853 1846 906 ABBAs
1892 853 2225 917 QUARTUS.
2604 839 2737 911 317

637 1041 707 1104 et
751 1061 809 1103 v,
871 1037 1148 1102 bovatas
1197 1041 1413 1111 terrae,
1465 1035 1538 1099 in
1609 1033 1936 1118 Skyrena,
1982 1055 2132 1120 quae
2199 1032 2557 1120 praedictus
2605 1031 2739 1097 Ro·
2762 1031 2901 1084 A·D-
2933 1035 3057 1086 ¹¹⁹⁷

635 1141 863 1208 bertus
909 1140 990 1205 de
1022 1139 1292 1206 Oktona
1325 1158 1490 1202 avus
1541 1136 1681 1224 ejus
1727 1136 2003 1202 dederat
2048 1136 2359 1224 praedicto
2400 1134 2741 1222 Hugelino
2760 1105 2943 1152 ‘¹²¹⁰'

637 1244 816 1330 patri
860 1264 978 1308 suo
1023 1264 1172 1308 cum
1230 1241 1550 1330 praedicta
1594 1237 1927 1328 A[lbreia]
1977 1239 2053 1304 in
2097 1241 2543 1325 maritagium,
2594 1260 2742 1303 ver-

637 1368 749 1412 sus
795 1348 1150 1434 praefatum
1199 1343 1542 1410 Odardum
1597 1344 1680 1408 de
1729 1342 2127 1408 Mawnselle.
2216 1343 2516 1409 Tandem
2566 1344 2743 1409 inter

639 1471 750 1514 eos
807 1473 942 1537 pax
1006 1454 1110 1515 est
1173 1447 1572 1526 reformata3
1643 1446 1742 1510 ita
1810 1446 1987 1530 quod
2030 1447 2392 1531 praedictus
2438 1445 2742 1512 Odardus

640 1551 824 1618 dedit
885 1551 1164 1639 praefato
1210 1548 1452 1615 Astino
1512 1569 1714 1612 unam
1759 1552 2131 1614 carucatam
2195 1554 2390 1615 terrae
2444 1549 2516 1614 in
2564 1549 2745 1634 Sky-

639 1677 800 1720 rena
873 1677 994 1742 pro
1066 1654 1242 1718 bono
1319 1652 1534 1737 pacis;
1609 1650 1797 1736 cujus
1874 1655 2197 1718 carucatae
2258 1659 2699 1718 antecessores
2718 1651 2739 1690 ¹

643 1757 931 1823 Simonis
975 1755 1058 1822 de
1101 1755 1172 1820 N
1173 1752 1514 1840 orthorpia
1573 1757 1937 1818 tenuerunt
1997 1753 2285 1840 quinque
2330 1755 2627 1832 bovatae,
2672 1759 2743 1819 et

640 1859 935 1924 residuas
995 1863 1132 1923 tres
1193 1857 1475 1921 bovatas
1498 1855 1526 1892 ⁹
1586 1854 1801 1921 dictus
1864 1856 2147 1922 Astinus
2216 1857 2401 1923 dedit
2463 1856 2740 1945 praefato

642 1962 927 2040 Odard0‚
987 1963 1064 2026 in
1128 1958 1526 2026 escambium
1587 1980 1708 2046 pro
1768 1959 2147 2026 molendino
2204 1965 2440 2026 vocato
2485 1964 2739 2046 Astyn-

643 2061 889 2151 mylne.
982 2064 1074 2130 Et
1151 2063 1292 2149 ipse
1370 2061 1680 2129 Odardus
1757 2062 1947 2128 dedit
2039 2063 2388 2150 Radulpho
2463 2065 2738 2129 Bretoni

640 2168 965 2255 armigero
1009 2187 1128 2232 suo
1172 2187 1290 2231 sex
1334 2163 1614 2229 bovatas
1659 2168 1857 2230 terrae
1903 2165 1975 2228 in
2022 2165 2339 2251 Skyrena.
2434 2165 2565 2246 Qui
2610 2167 2741 2230 Bar

641 2270 928 2357 dulphus
956 2269 1190 2356 genuit
1219 2266 1670 2344 Willielmum,
1703 2273 1959 2354 patrem
1994 2267 2333 2334 willielmi
2366 2268 2738 2336 Senescalli.

643 2373 951 2438 Odardus
994 2373 1224 2456 itaque
1253 2369 1570 2456 praefatus
1599 2370 1833 2456 genuit
1864 2371 2235 2437 Galfridum
2280 2379 2351 2438 et
2383 2371 2742 2439 Odardum.
2769 2380 2804 2431 f.
2829 2385 2893 2430 34
2912 2380 2958 2434 b.

642 2476 740 2542 At
784 2477 922 2562 ipse
969 2475 1305 2540 Galfridus
1349 2467 1583 2559 getsuit
1614 2472 1933 2538 Thomam
1981 2474 2062 2539 de
2106 2475 2362 2542 Ettona
2406 2476 2745 2553 seniorem,

641 2579 726 2644 de
787 2600 919 2664 quo
987 2577 1200 2643 exivit
1244 2575 1528 2640 Thomas
1593 2573 1674 2640 de
1721 2575 1975 2642 Ettona
2017 2576 2263 2663 junior,
2329 2579 2445 2665 qui
2508 2577 2748 2644 occidit

643 2681 692 2746 J
693 2682 1014 2746 ordanum
1090 2679 1171 2744 de
1234 2676 1754 2764 Raventhorpia‚
1833 2683 2104 2766 propter
2176 2701 2465 2746 sororem
2538 2701 2745 2759 suam,

643 2783 960 2850 Ceciliam
1005 2783 1290 2862 nomine,
1335 2785 1618 2847 matrem
1652 2781 1860 2846 Alani
1906 2782 2284 2850 Stabularii.
2378 2783 2504 2850 Per
2548 2805 2745 2871 quem

642 2888 980 2966 Thomam,
1029 2891 1186 2952 ante
1231 2884 1485 2951 dictum
1529 2885 1880 2972 flagitium,
1926 2890 2148 2952 totum
2168 2885 2195 2923 ³
2240 2886 2613 2954 dominium
2656 2887 2739 2954 de

643 2989 949 3075 Skyrena
969 2988 996 3026 ⁴
1060 2988 1484 3065 habebamua
1554 2992 1632 3053 ut
1697 2992 1929 3075 postea
1990 2989 2355 3055 referetur.⁵
2462 2990 2745 3056 Thomas

642 3099 868 3159 autem
931 3094 1070 3178 ipse
1144 3090 1226 3157 de
1295 3091 1548 3156 Ettona
1608 3091 1842 3169 senior,
1908 3091 2086 3157 filius
2134 3092 2495 3180 G[alfridi],
2558 3093 2746 3159 dedit
2768 3109 2973 3162 Ettona.

643 3197 834 3262 nobis
887 3218 1094 3260 unum
1163 3193 1409 3259 toftum
1478 3194 1550 3257 in
1596 3193 1871 3285 Ettosna„
1921 3194 2006 3259 ad
2075 3195 2397 3261 luminare
2460 3196 2745 3263 ecclesiae

641 3305 886 3367 nostrae
961 3297 1487 3365 sustentandum.
1599 3296 1727 3361 Pro
1796 3319 1928 3383 quo
1995 3298 2261 3384 quidem
2338 3298 2509 3365 tofto
2568 3300 2743 3367 idem

641 3403 930 3468 Thomas
1009 3400 1342 3487 quoddam
1417 3399 1742 3487 angulum
1806 3401 1982 3485 prati
2051 3400 2124 3465 in
2192 3401 2499 3488 Skyrena
2564 3403 2745 3490 apud
2769 3417 2997 3498 Slfypem

645 3506 1012 3592 Whytpule
1057 3504 1130 3568 in
1181 3502 1578 3569 escambium
1650 3503 1847 3589 paulo
1914 3508 2066 3591 post
2083 3502 2109 3539 ⁶
2152 3505 2625 3587 confirmabat3
2676 3511 2746 3573 et
2768 3486 2904 3537 ⁸²¹¹*

642 3609 912 3694 insuper
955 3606 1044 3671 xi.
1091 3626 1272 3671 acras
1317 3604 1494 3691 prati
1538 3604 1807 3685 ibidem,
1839 3606 1957 3671 ubi
2000 3608 2410 3674 mansionem
2453 3608 2745 3695 aliquam

643 3729 980 3797 possemus
1053 3707 1282 3787 facere,
1360 3713 1431 3772 et
1504 3707 1779 3773 ductum
1843 3730 2033 3795 aquae
2100 3709 2182 3776 de
2252 3710 2575 3797 Skyrena‚
2656 3712 2745 3777 ad
2768 3724 2967 3776 water-

641 3811 944 3877 facienda
1003 3810 1382 3876 molendina
1427 3813 1496 3875 et
1557 3808 1690 3875 alia
1733 3810 2127 3879 aisiamenta
2188 3820 2419 3879 nostra
2478 3813 2745 3893 ibidem,
2768 3792 3026 3926 ζῗξζξὲῖ

643 3914 836 3979 nobis
880 3912 1272 3991 conferebat,
1305 3932 1423 3997 pro
1471 3912 1696 3977 anima
1739 3914 1975 3979 matris
2020 3937 2173 3993 suae,
2208 3936 2356 4001 quae
2402 3916 2580 4003 apud
2624 3938 2747 3982 nos

643 4021 870 4084 manet
915 4014 1261 4081 tumulata.
1343 4014 1474 4080 Sed
1517 4021 1746 4081 tamen
1788 4016 1929 4104 ipse
1975 4018 2256 4083 Thomas
2302 4020 2519 4083 senior
2562 4020 2747 4087 dedit

645 4120 920 4187 ductum
962 4118 1172 4207 ipsius
1232 4139 1424 4205 aquae
1488 4122 1557 4183 et
1617 4140 1812 4185 usum
1874 4120 2403 4187 molendinorum
2447 4122 2749 4209 perprius

714 4432 728 4461 ¹
766 4430 906 4495 cujus
940 4466 953 4479 .
990 4465 1004 4480 .
1042 4465 1054 4478 .
1090 4427 1440 4493 antecessores]
1499 4442 1649 4491 quam
1814 4432 1835 4461 ³
1866 4439 1981 4481 ante
2015 4467 2029 4481 .
2067 4468 2079 4481 .
2116 4468 2130 4481 .
2155 4430 2325 4496 totum]
2363 4432 2427 4481 de
2448 4430 2636 4482 Ettona
2662 4432 2746 4495 ju-

650 4509 875 4570 heredes,
899 4508 959 4559 Ρ.
1747 4512 1959 4575 nim-em,
1982 4513 2045 4563 P.

1815 4596 1832 4623 ⁴
1867 4594 2020 4644 Aster
2048 4592 2271 4657 Skyrena
2294 4592 2452 4643 insert
2474 4598 2660 4657 postea,
2682 4594 2743 4643 P.

1818 4676 1839 4704 ⁸
1868 4680 1922 4723 ut
1954 4711 1967 4722 .
2004 4710 2018 4724 .
2056 4672 2321 4738 referetur]
2360 4672 2586 4737 wanting
2604 4672 2661 4722 in
2684 4673 2741 4723 P.

1814 4754 1834 4781 ⁶
1860 4750 2169 4822 paulopost]
2206 4750 2436 4818 wanting
2456 4751 2511 4800 in
2534 4752 2598 4804 P.

715 4631 736 4660 ²
768 4632 975 4695 quinque
1009 4666 1022 4679 .
1057 4666 1070 4680 .
1108 4666 1121 4679 .
1146 4628 1373 4695 bot-atas]
1416 4636 1595 4694 praeter
1615 4634 1646 4679 3

649 4711 858 4761 bovatas
881 4722 1021 4773 quas,
1045 4708 1105 4757 P.
