3519 5734
793 812 922 874 202
1315 822 1678 871 PHILIPPUS
1723 820 1943 871 ABnAs
1987 820 2363 871 SECUNDUS.

447 1010 742 1072 A.D.11⁷1,
785 1001 1270 1087 obligaverunt,
1314 1005 1383 1065 et
1443 999 1620 1084 quod
1680 1002 1962 1065 mortem
2030 998 2193 1063 dicti
2259 996 2527 1083 gloriosi
2570 997 2885 1083 martyris

451 1082 595 1133 ¹¹⁷²
789 1103 1019 1171 Sancti
1043 1103 1334 1177 ‚Thomae
1375 1124 1592 1188 neque
1637 1102 1883 1187 scripto
1926 1122 2141 1188 neque
2184 1099 2362 1165 facto
2408 1100 2695 1165 scienter
2738 1122 2887 1186 pro-

786 1211 1228 1287 curaverunt3
1296 1211 1366 1271 et
1410 1204 1502 1271 sic
1545 1204 1634 1269 ad
1678 1204 2037 1271 officiorum
2090 1224 2359 1269 suorum
2404 1202 2885 1290 plenitudinem

445 1323 677 1374 Election
707 1326 769 1375 of
783 1309 1048 1375 fuerant
1114 1308 1428 1375 restituti.
1520 1308 1797 1373 Litterae
1862 1312 2089 1373 autem
2152 1307 2325 1393 regis
2386 1305 2594 1392 patris
2638 1309 2709 1371 et
2752 1306 2886 1371 dic-

447 1391 716 1509 gffissr.
781 1418 1004 1478 torum
1049 1411 1484 1478 cardinalium
1544 1411 1915 1477 mittuntur
1964 1410 2036 1475 in
2082 1410 2398 1497 Angliam
2442 1410 2523 1475 de
2568 1408 2887 1475 electione

446 1536 680 1589 Becket’s
781 1516 1051 1581 alterius
1095 1514 1564 1601 archiepiscopi
1596 1513 2095 1579 Cantuariensis
2122 1512 2431 1578 facienda.
2501 1513 2592 1576 Et
2636 1510 2884 1579 factum

443 1605 712 1721 ffiffliza·
779 1624 896 1697 est,
945 1620 1104 1683 dum
1172 1616 1493 1683 Ricardus
1543 1616 1723 1703 prior
1768 1615 2167 1681 Dovorensis
2211 1616 2285 1679 in
2328 1615 2883 1703 archiepiscopum

554 1708 566 1722 ’
780 1722 1146 1807 eligeretur,
1194 1721 1420 1786 littera
1482 1719 2004 1786 canonizationis
2064 1718 2245 1783 illius
2309 1719 2493 1783 beati
2536 1718 2885 1805 archiprae-

779 1824 938 1888 sulis
981 1830 1051 1889 et
1093 1823 1410 1908 martyris
1453 1823 1718 1887 Thomae
1780 1822 1940 1886 illuc
2000 1821 2223 1886 delata
2264 1820 2411 1886 fuit.
2502 1821 2653 1902 Qua
2694 1822 2880 1901 lecta,

778 1946 1004 1990 omnes
1065 1926 1140 1989 in
1203 1924 1483 1990 sublime
1545 1923 1929 2001 cantabant,
1976 1930 2015 1959 ‘⁸
2034 1922 2126 1989 Te
2192 1922 2409 1989 Deum
2478 1924 2885 1992 laudamus?

779 2026 870 2091 Et
937 2027 1330 2114 suffraganei
1396 2026 1894 2092 Cantuariensis
1956 2026 2242 2092 ecclesiae
2305 2047 2590 2093 errorem
2652 2026 2883 2093 inobe-

777 2129 1048 2195 dientiae
1093 2151 1230 2195 suae
1277 2128 1665 2195 confitentes
1727 2130 1925 2194 simul
1987 2150 2028 2193 a
2091 2129 2382 2195 Domino
2428 2129 2571 2195 Deo
2616 2131 2879 2196 veniam

775 2232 1215 2318 postularunt,
1245 2232 1550 2310 dicentes,
1601 2238 1639 2267 “
1657 2232 1923 2308 Adesto,
1957 2231 2259 2311 Domine,
2291 2232 2881 2319 supplicationibus

779 2342 816 2371 “
861 2336 1121 2412 nostris,
1171 2340 1251 2400 ut
1317 2336 1432 2421 qui
1493 2356 1581 2401 ex
1647 2334 2011 2420 iniquitate
2076 2340 2309 2400 nostra
2368 2358 2515 2402 reos
2574 2358 2697 2401 nos
2742 2358 2882 2401 esse

777 2444 818 2473 “
862 2437 1327 2524 cognoscimus,
1357 2438 1540 2503 beati
1587 2436 1857 2503 Thomae
1902 2438 2221 2521 martyris
2265 2439 2369 2504 tui
2416 2444 2617 2525 atque
2658 2439 2882 2525 ponti-

775 2546 812 2576 ‘⁴‘
855 2538 996 2606 ficis
1039 2540 1504 2606 intercessione
1561 2539 1971 2605 liberemur.'’
2062 2540 2333 2607 Electus
2390 2546 2617 2607 autem
2661 2541 2881 2607 dictus

778 2642 1098 2707 Ricardus
1145 2642 1642 2709 Cantuariensis
1702 2664 1851 2708 cum
1926 2643 2360 2709 Bathoniensi
2404 2644 2701 2731 episcopo
2748 2644 2878 2709 Ro-

775 2768 952 2809 mam
977 2744 1304 2831 profectus
1323 2750 1750 2811 consecratur.
1828 2754 1941 2809 Cui
1978 2746 2259 2811 Ricardo
2290 2756 2397 2811 sub
2423 2772 2573 2812 anno
2594 2754 2881 2827 pontificii
2904 2753 2966 2804 R.
2990 2754 3222 2822 Higden,

773 2850 876 2915 sui
925 2852 1014 2915 12
1058 2858 1332 2931 apparuit
1365 2856 1654 2915 Dominus
1689 2858 1750 2913 in
1786 2858 1941 2923 visu,
1971 2856 2189 2924 dicens,
2222 2862 2260 2887 “
2278 2859 2367 2914 Tu
2404 2858 2706 2931 dissipasti
2728 2858 2881 2914 bona
2902 2822 3000 2873 ⁰⁰¹⁸
3026 2826 3179 2876 2897·

777 2964 818 2989 “
856 2961 1122 3018 ecclesiae
1159 2977 1305 3015 meae
1341 2965 1404 3015 et
1437 2977 1550 3030 ego
1587 2959 1899 3031 extirpabo
1932 2965 1991 3016 te
2029 2961 2101 3016 de
2138 2961 2354 3016 terra?
2450 2951 2542 3018 Et
2576 2959 2713 3016 inde
2748 2977 2878 3032 per-

773 3055 1017 3110 territus
1053 3053 1218 3110 obiit.

769 3474 928 3540 OAP.
977 3471 1203 3537 XVII.
1249 3471 1352 3538 De
1378 3469 1736 3538 rebellione
1772 3471 2107 3558 filiorum
2140 3479 2201 3539 et
2244 3471 2546 3540 hostium
2572 3474 2879 3542 ahma-um

947 3581 1186 3642 contra
1235 3595 1454 3661 rcqem
1483 3575 1562 3638 H
1556 3574 1874 3641 enricum
1921 3575 2009 3642 rim,
2054 3575 2391 3643 ultionem
2418 3577 2604 3643 mois
2632 3578 2879 3646 Sancti

950 3677 1214 3744 Tho‘mae
1256 3676 1592 3763 martyris
1613 3703 1639 3755 ,-
1701 3684 1763 3743 et
1806 3676 2103 3765 quabiter
2162 3679 2387 3745 eodem
2428 3687 2729 3766 ‘martyre
2772 3703 2875 3746 re-

945 3777 1308 3846 conciliato
1337 3778 1418 3845 cle
1471 3778 1771 3845 hostibus
1822 3779 2275 3866 triumphavit
2294 3807 2321 3859 ,-
2366 3788 2427 3846 et
2454 3779 2536 3848 de
2565 3782 2875 3870 captione

957 3881 1310 3949 Wilbiezmi
1355 3881 1539 3967 reglis
1582 3879 1825 3949 Scotioe
1871 3882 2069 3969 apud
2112 3883 2459 3971 Abraewyk.

431 4085 466 4135 f.
489 4089 556 4136 25
575 4085 620 4136 b,
859 4063 1084 4130 Medio
1105 4064 1372 4150 quidem
1391 4069 1706 4151 tempore,
1729 4095 1835 4135 rex
1854 4069 2046 4150 pater
2066 4065 2325 4153 [crucis]
2350 4074 2699 4149 obsequium
2712 4077 2873 4149 quod
2896 4075 3033 4130 Ibid.

427 4167 566 4220 Aa).
582 4175 744 4224 1172-
767 4165 992 4224 dudum
1012 4166 1076 4222 in
1110 4167 1375 4239 partibus
1398 4167 1805 4222 transmarinis
1832 4172 2164 4241 sumpserat
2186 4174 2247 4224 et
2267 4169 2641 4241 postmodum
2675 4187 2871 4227 coram

429 4236 577 4366 ἓξ·
617 4317 632 4343 ‚
771 4301 786 4318 .
827 4300 846 4318 .
883 4260 1280 4318 cardinalibus
1317 4277 1380 4316 se
1417 4259 1573 4316 infra
1605 4259 1925 4316 triennium
1978 4267 2429 4332 prosecuturum
2472 4259 2553 4319 ut
2596 4255 2869 4342 praedio-

427 4331 658 4434 evmrgns
765 4359 912 4418 tum
957 4356 1060 4417 est·
1089 4361 1408 4432 juraverat,
1437 4361 1603 4433 lapso
1637 4361 1890 4418 termino
1925 4360 2030 4417 illo
2068 4361 2316 4419 Romam
2353 4361 2428 4418 ad
2462 4365 2871 4436 protelandum

430 4450 586 4530 ofihifl
601 4465 716 4516 pro-
764 4455 1134 4511 &uenatorio
1168 4454 1348 4510 fallax
1382 4453 1748 4526 propositum
1769 4453 2061 4520 mittebat,
2092 4456 2199 4510 sub
2236 4473 2306 4511 eo
2341 4460 2539 4512 tamen
2573 4457 2768 4514 colore
2802 4465 2872 4515 ut

429 4532 558 4568 mm
579 4525 634 4569 ‘⁰
762 4540 878 4596 tria
911 4537 1264 4596 monasteria
1297 4543 1663 4595 construeret
1697 4536 1763 4592 in
1783 4535 2021 4609 Anglia.
2098 4539 2266 4608 Quod
2288 4545 2350 4596 et
2370 4541 2485 4597 isto
2506 4541 2679 4598 modo
2704 4543 2863 4600 fecit.

427 4583 738 4704 ssffim
763 4623 1084 4681 canonicos
1139 4623 1451 4680 saeculares
1505 4622 1664 4694 apud
1697 4621 1997 4678 Waltham
2059 4663 2073 4676 .
2138 4665 2153 4678 .
2220 4665 2233 4678 .
2296 4623 2371 4680 ad
2422 4627 2867 4684 conventualem

425 4715 588 4770 tet-ies.
761 4717 995 4789 redegit
1017 4719 1218 4773 vitam.
1295 4715 1700 4786 Monialesque
1743 4705 1886 4793 [de]
1928 4715 2337 4789 Ambresbury
2360 4719 2691 4790 extirpavit,
2718 4720 2865 4778 alias
