3519 5734
1151 865 1578 920 Ammona
1621 866 1837 919 ABBAS
1880 865 2211 931 QUARTUS.
2602 855 2733 922 293

631 1041 836 1131 copia,
882 1043 1387 1112 constituerunt.
1479 1042 1590 1109 Ad
1633 1066 1831 1131 quem
1879 1043 2073 1124 diem,
2116 1043 2393 1108 nuntius
2437 1042 2730 1132 ejusdem
2753 1038 2945 1159 330¹
2958 1043 3051 1095 ¹⁹⁷

631 1146 1101 1235 archiepiscopi
1143 1146 1420 1213 veniens
1469 1146 1726 1212 litteras
1786 1146 1985 1212 unius
2008 1146 2027 1184 ¹
2076 1144 2434 1231 justitiarii
2492 1147 2729 1234 legatis
2922 1145 2936 1160 '

630 1249 939 1314 exhibuit
981 1248 1467 1337 prohibitoriae,
1515 1271 1601 1314 ne
1653 1250 1726 1314 in
1775 1248 1955 1314 dicta
1970 1247 1999 1286 ²
2044 1269 2239 1313 causa
2288 1248 2731 1335 procederent.

629 1349 817 1417 Alias
861 1353 1065 1417 etiam
1126 1351 1382 1417 litteras
1445 1351 1767 1437 produxit
1826 1351 1900 1416 in
1959 1350 2268 1430 medium,
2316 1351 2733 1418 continentes

618 1454 1064 1542 justitiarium
1139 1455 1520 1542 praecepisse
1595 1453 2097 1541 inquisitionem
2170 1453 2315 1518 fieri
2380 1476 2499 1540 per
2564 1455 2733 1520 vice-

627 1557 932 1622 comitem
1000 1557 1493 1634 Eboracensem,
1562 1561 1791 1622 utrum
1864 1561 2043 1621 terra
2104 1555 2221 1620 illa
2282 1555 2491 1622 libera
2562 1561 2735 1624 esset

625 1659 1096 1726 monachorum
1155 1665 1530 1725 nostrorum
1576 1659 2005 1745 eleemosyna,
2050 1680 2137 1724 an
2182 1658 2423 1724 laicum
2465 1660 2733 1726 feodum

626 1760 708 1826 de
767 1761 1044 1827 baronia
1089 1761 1254 1828 dicti
1298 1760 1780 1848 archiepiscopi.
1874 1760 2064 1826 Idem
2131 1781 2389 1846 quoque
2456 1763 2735 1829 nuntius

623 1864 1076 1930 vicecomitem
1153 1864 1678 1930 Lincolniensem
1743 1885 1963 1929 secum
2038 1862 2340 1941 adduxit,
2407 1865 2525 1950 qui
2586 1887 2735 1931 cau-

624 1965 879 2031 tionem
925 1989 966 2030 a
1009 1967 1246 2053 legatis
1313 1967 1386 2031 in
1444 1966 1596 2052 jure
1656 1964 2167 2053 praesidentibus
2236 1967 2459 2052 exegit
2530 1971 2605 2032 ut
2656 1968 2731 2033 in

623 2068 806 2134 curia
880 2069 1135 2135 domini
1211 2069 1384 2156 regis
1460 2074 1934 2156 comparerent,
2009 2069 2388 2155 responsuri
2462 2074 2531 2134 et
2586 2069 2730 2154 juri

622 2171 906 2256 parituri
967 2171 1050 2237 de
1111 2176 1495 2259 contemptu
1564 2171 1821 2237 domini
1887 2171 2077 2258 regie,
2141 2192 2217 2236 eo
2283 2170 2459 2256 quod
2522 2176 2682 2238 tunc
2700 2172 2727 2210 ³

621 2273 695 2338 in
757 2295 953 2339 causa
1011 2276 1481 2361 processissent
1543 2278 1694 2361 post
1758 2272 2273 2360 prohibitionem
2328 2272 2727 2358 justitiarii,⁴

619 2375 778 2442 licet
840 2377 1018 2443 idem
1077 2377 1492 2463 justitiarius
1558 2375 1742 2462 prius
1806 2374 2003 2440 dictis
2065 2373 2317 2460 legatie,
2374 2397 2493 2461 per
2558 2398 2679 2442 nos
2700 2373 2728 2413 ⁵

621 2479 992 2566 impetratis
1057 2484 1288 2544 contra
1361 2479 1619 2544 litteras
1681 2476 1846 2542 dicti
1919 2475 2407 2562 archiepiscopi,
2476 2477 2730 2564 signifi-

621 2581 873 2647 caverit
918 2580 1312 2668 praedictam
1361 2584 1610 2645 terram
1656 2578 1936 2645 liberam
1989 2600 2129 2644 esse
2174 2583 2469 2644 nostram
2492 2577 2519 2616 ⁰
2563 2579 2726 2644 elee-

619 2704 982 2768 mosynam,
1036 2683 1206 2748 sieut
1254 2682 1317 2747 ei
1362 2703 1446 2746 ex
1490 2681 1897 2768 inspectione
1942 2683 2273 2745 cartarum
2316 2680 2727 2746 nostrarum⁷

617 2784 1016 2850 innotuerat.
1127 2783 1378 2848 Verum
1438 2783 1641 2848 etiam
1708 2782 1933 2869 legati,
1980 2786 2315 2847 occasione
2360 2781 2489 2847 sibi
2532 2783 2725 2850 factae

617 2886 1102 2974 prohibitionis,
1136 2886 1511 2952 executioni
1539 2886 1916 2951 litterarum
1946 2885 2453 2971 apostolicarum
2500 2908 2725 2974 super-

617 2990 840 3055 sedere
884 2988 1201 3066 nolentes,
1247 2988 1422 3054 diem
1481 2987 1783 3075 partibus
1851 2988 2091 3053 iterato
2151 2988 2578 3074 praefixerunt
2636 2989 2725 3055 ad

616 3092 1076 3178 excipiendum
1154 3092 1332 3177 quod
1405 3092 1582 3156 ratio
1651 3090 1934 3156 dictaret
2002 3095 2070 3156 et
2144 3090 2490 3155 consilium
2548 3091 2723 3177 jiuis

614 3196 994 3281 peritorum.
1107 3195 1219 3259 Ad
1286 3215 1489 3279 quem
1552 3193 1745 3269 diem,
1795 3196 2188 3279 procurator
2258 3192 2725 3281 archiepiscopi

611 3297 890 3365 veniens
907 3297 932 3335 ⁸
977 3298 1238 3364 litteras
1272 3296 1632 3383 justitiarii
1685 3296 1811 3361 den
1821 3308 1917 3360 uo·
1951 3293 2213 3371 defert,⁹
2259 3294 2721 3381 praecipientes

611 3405 692 3466 ut
735 3400 911 3467 diem
957 3400 1260 3487 partibus
1291 3399 1531 3464 darent
1560 3396 1879 3463 diffusum
1908 3395 2085 3461 infra
2115 3417 2311 3481 quem
2356 3397 2720 3483 inquisitio,

614 3524 814 3588 quam
860 3523 1056 3587 super
1098 3502 1330 3567 eadem
1375 3504 1556 3566 terra
1598 3498 1990 3565 institueret
2033 3496 2420 3577 faciendam,
2454 3498 2721 3565 effectui

612 3603 1058 3683 mandaretur,
1107 3603 1440 3689 quatinus,
1487 3624 1572 3668 ex
1617 3601 1674 3687 ej
1683 3602 1911 3667 usdem
1956 3600 2405 3687 inquisitionis
2450 3607 2715 3683 eventu,

612 3704 1047 3792 perpenderet
1112 3728 1202 3770 an
1267 3706 1482 3792 ipsam
1543 3703 2052 3769 ecclesiasticam
2112 3708 2465 3789 reputaret,
2512 3709 2581 3769 et
2624 3705 2719 3771 sic

611 3806 848 3894 legatis
891 3807 1374 3873 terminandam
1418 3806 1807 3887 remitteret,
1854 3828 1943 3871 an
1986 3804 2326 3885 forensem,
2360 3810 2430 3871 et
2470 3806 2571 3872 ita
2599 3828 2717 3872 suo

602 3909 855 3997 judicio
898 3915 1280 3977 reservaret.
1371 3908 1696 3976 Videntes
1727 3930 1887 3997 ergo
1922 3907 2179 3993 judices
2213 3907 2417 3996 legati
2444 3905 2494 3946 ¹⁰
2538 3909 2717 3995 quod

679 4240 693 4270 ¹
718 4239 889 4306 unius]
915 4238 1124 4301 domini,
1146 4238 1206 4291 P.
1775 4241 1796 4270 ⁶
1819 4238 2057 4304 nostram]
2082 4237 2460 4299 monachorum,
2481 4238 2541 4289 P.

674 4320 696 4349 ²
715 4318 876 4384 dicta]
903 4318 1130 4383 wanting
1150 4317 1206 4367 in
1227 4316 1290 4367 P.
1778 4319 1797 4347 ⁷
1829 4316 2129 4383 nostrarum]
2178 4315 2401 4381 ipsorum
2444 4317 2713 4370 monacho·

675 4397 694 4427 ⁸
717 4398 856 4462 tunc]
882 4397 1108 4463 wanting
1128 4395 1184 4446 in
1205 4396 1267 4450 P.
1707 4412 1839 4459 Μαι,
1860 4398 1921 4448 Ρ.

674 4476 694 4505 ⁴
715 4474 866 4525 After
892 4476 1167 4541 justitiarii
1196 4476 1371 4538 insert,
1402 4490 1494 4541 per
1523 4477 1612 4527 do·
1775 4478 1796 4507 ⁸
1820 4476 1969 4527 After
2011 4477 2206 4527 veniens
2239 4476 2410 4539 insert,
2446 4477 2541 4528 fori
2585 4493 2713 4544 prae-

607 4553 802 4603 minum
823 4554 1253 4621 archiepiscopum
1282 4555 1610 4621 impetratam,
1709 4555 2034 4621 scriptionem
2056 4556 2190 4606 sicut
2209 4556 2350 4620 prius
2372 4557 2615 4622 opposuit,
2631 4558 2694 4609 P.

607 4632 669 4682 P.
1776 4638 1798 4666 ⁹
1818 4635 2000 4701 defin]
2026 4634 2267 4697 deferens,
2288 4634 2350 4687 P.

673 4713 695 4741 ³
707 4728 802 4776 per
817 4713 930 4777 nos]
957 4712 1139 4765 litteris
1152 4715 1256 4767 suis
1273 4730 1362 4780 per
1382 4716 1612 4766 abbatem
1778 4717 1816 4748 ¹⁰
1837 4712 2012 4780 leqati]
2040 4714 2266 4779 wanting
2286 4714 2342 4764 in
2363 4715 2422 4765 P.

609 4792 979 4855 Alexandrum,
1001 4792 1059 4845 P.
