3519 5734
815 775 944 837 244
1411 786 1692 836 'raons
1737 786 1955 835 imnis
1998 786 2299 835 rimi-ms,

477 969 616 1019 A.D.
646 973 786 1019 1189.
813 968 1090 1033 tanquam
1125 963 1178 1017 si
1213 980 1316 1016 rex
1351 962 1736 1017 exterminare
1774 958 2013 1014 ,Iudaeos
2042 958 2339 1031 jussisset,
2392 964 2577 1013 totam
2612 955 2905 1029 percurrit

814 1047 1014 1101 orbem
1041 1068 1057 1109 ς
1105 1064 1355 1116 moxque
1393 1047 1648 1101 fremens
1700 1044 1954 1116 populus
1992 1042 2195 1097 domos
2230 1043 2333 1098 ubi
2369 1042 2587 1114 trepidi
2618 1046 2904 1115 confuge-

811 1145 946 1194 rant
982 1138 1022 1192 J
1025 1139 1177 1193 udaei
1213 1144 1528 1209 oppugnat,
1568 1134 1845 1201 incendit,
1884 1128 2140 1203 occidit,
2183 1136 2412 1206 spoliat,
2438 1154 2629 1206 neque
2664 1145 2902 1208 propter

811 1240 1084 1295 mandata
1133 1241 1303 1311 regia
1337 1240 1588 1295 desistit.
1660 1229 1821 1316 Ipsa
1884 1235 2109 1295 tamen
2174 1251 2350 1294 nova
2414 1250 2533 1313 per
2594 1229 2905 1295 universa.

813 1334 1079 1419 Angliae
1108 1333 1180 1397 in
1212 1332 1578 1398 continenti
1609 1332 1902 1417 undique
1933 1352 2275 1417 conspersa
2306 1330 2612 1411 fuerunt3
2658 1332 2904 1417 ubique

815 1437 990 1501 enim
1055 1434 1303 1500 inimici
1352 1434 1602 1500 Christi
1669 1456 1710 1497 a
1774 1434 2169 1499 Christianis
2212 1433 2721 1519 perimebantur,
2782 1458 2905 1499 nec

813 1539 992 1602 ullus
1035 1536 1426 1623 subterfugii
1489 1535 1670 1601 locus
1712 1536 1811 1601 eis
1856 1542 2045 1601 tutus
2088 1541 2247 1612 erat,
2292 1534 2423 1600 nisi
2488 1536 2559 1600 in
2622 1538 2905 1603 castellis

813 1641 1012 1725 regiis
1078 1638 1315 1703 inclusi
1388 1643 1794 1703 tenerentur.
1916 1638 2081 1717 Quae
2156 1638 2521 1723 persecutio
2594 1640 2717 1703 vix
2788 1663 2905 1726 per

813 1763 1060 1806 annum
1103 1760 1225 1805 nec
1269 1747 1513 1806 terrore
1557 1740 1735 1827 regio
1780 1762 1902 1806 nec
1944 1740 2270 1827 imperiali
2312 1741 2453 1825 ejus
2498 1741 2729 1822 edict-0,
2774 1744 2905 1807 nisi

812 1844 936 1907 sub
995 1844 1319 1927 juratoria
1363 1844 1666 1908 cautione
1713 1866 1754 1907 a
1799 1843 1845 1907 J
1848 1843 2055 1907 udaeis
2096 1843 2413 1929 praestita,
2458 1844 2907 1928 conquiescere

812 1945 1048 2031 potuit.
1143 1943 1349 2029 Cujus
1392 1945 1857 2029 persecutionis
1915 1954 2277 2007 immensitas
2330 1954 2382 2007 si
2432 1954 2799 2009 dissimulata
2847 1961 2907 2009 et
2932 1956 2993 2007 R.
3021 1956 3247 2023 Iligden‚

816 2048 1005 2101 inulta
1037 2048 1318 2101 transiret
1348 2047 1671 2117 primordia
1703 2048 1889 2118 regias
1910 2046 2235 2115 majestatis
2259 2045 2579 2116 plurimum
2602 2047 2905 2102 videretur
2931 2025 3031 2077 ⁰⁰¹·
3054 2031 3205 2075 2401.

816 2130 1124 2201 denigrare
1142 2130 1182 2196 ;¹
1234 2136 1472 2202 propter
1526 2130 1857 2202 copiosam2
1916 2137 2113 2184 tamen
2172 2147 2409 2183 reorum
2464 2129 2905 2185 multitudinem

483 2226 641 2305 Their
661 2228 762 2279 fate
814 2222 1178 2279 dissimulari
1215 2223 1472 2294 oportuit
1509 2223 1666 2294 quod
1697 2223 1985 2277 vindicari
2020 2240 2139 2276 non
2171 2222 2447 2276 valebat.³
2540 2213 2737 2292 Quod
2780 2216 2903 2279 mi-

479 2298 703 2424 ζζξῗιξξξέ,
815 2316 1089 2381 serabile
1134 2314 1574 2381 infortunium
1621 2316 1667 2380 J
1669 2316 1877 2381 udaeis
1936 2336 2068 2379 non
2134 2315 2274 2379 sine
2318 2336 2556 2400 magna
2616 2316 2912 2383 animad—

481 2428 724 2505 αισα-κίῃς
739 2429 799 2479 of
817 2420 1112 2484 versione
1157 2419 1508 2505 contigisse
1553 2417 2017 2483 arbitrandum
2066 2422 2181 2482 est.
2295 2417 2474 2481 Nam
2542 2440 2689 2483 cum
2752 2443 2913 2507 gens

483 2492 739 2611 822¹an
815 2523 934 2587 illa
978 2522 1228 2586 nefaria
1261 2504 1384 2607 ,per
1429 2542 1706 2607 regnum
1751 2520 2016 2605 Angliae
2060 2519 2561 2606 circumquaque
2607 2522 2913 2608 dispersa,

479 2626 604 2676 nien.
819 2626 942 2689 sub
999 2624 1287 2689 Henrico
1353 2644 1506 2708 rege
1573 2626 1662 2700 20,
1727 2623 1801 2687 in
1864 2620 2129 2685 diutina
2192 2623 2369 2705 pacis
2431 2625 2781 2689 securitate
2843 2632 2915 2690 et

821 2732 1190 2811 temporum
1222 2723 1701 2809 tranquillitate
1749 2725 1960 2788 vitam
1991 2725 2065 2787 in
2095 2723 2400 2787 omnibus
2444 2725 2915 2811 temporalibus

797 2828 1016 2892 'bonis
1084 2826 1649 2912 opulentissimam
1715 2825 1937 2905 duxit,
1984 2825 2057 2888 in
2126 2829 2391 2889 tantum
2455 2828 2758 2914 prorupit
2802 2850 2917 2893 au-

825 2930 1041 3006 daciae,
1091 2929 1292 2993 immo
1338 2929 1410 2992 in
1455 2928 1797 3007 insaniam,
1841 2932 1922 2992 ut
1966 2927 2305 2992 dominum
2348 2936 2650 2994 nostrum
2683 2931 2729 2995 J
2732 2953 2914 2996 esum

825 3031 1164 3097 Christum
1209 3031 1523 3116 sacrilego
1569 3051 1694 3106 ore,
1725 3052 1862 3095 non
1906 3030 2114 3094 solum
2160 3031 2233 3094 in
2272 3033 2537 3097 secretis
2582 3033 2718 3098 suis
2760 3056 2916 3099 con-

825 3133 1190 3209 venticulis,
1234 3134 1344 3196 sed
1403 3133 1604 3196 etiam
1649 3132 1909 3218 publice
1972 3137 2041 3198 et
2103 3133 2320 3218 impie,
2365 3133 2909 3220 blasphemarent,

825 3257 901 3300 ac
946 3235 1104 3300 fidei
1148 3241 1392 3299 nostrae
1437 3238 1507 3298 et
1551 3234 2004 3299 ecclesiasticis
2048 3236 2472 3299 sacramentis
2516 3237 2735 3322 palam
2766 3259 2917 3303 con-

825 3337 1134 3402 viciando
1204 3337 1630 3422 derogarent3
1684 3357 1943 3400 necnon
2008 3335 2324 3421 quosdam
2386 3337 2915 3404 Christianorum

825 3439 1037 3526 pretio
1109 3443 1534 3524 comparatos
1607 3438 1694 3501 ad
1769 3439 2050 3503 dedecus
2116 3444 2185 3503 et
2259 3440 2679 3527 opprobrium
2758 3441 2915 3507 fidei

829 3541 1243 3616 Christianae,
1289 3546 1359 3606 et
1405 3541 1489 3604 ad
1535 3539 1848 3624 majorem
1892 3562 2028 3604 suae
2074 3541 2521 3606 damnationis
2564 3544 2916 3620 cumulum,

489 3653 600 3731 '1:119
624 3668 712 3703 no·
827 3643 1000 3708 cruci
1045 3641 1400 3728 affigerent.
1493 3642 1719 3706 Plures
1764 3643 2031 3728 insuper
2072 3643 2395 3707 nobilium
2424 3651 2625 3728 atque
2668 3645 2915 3710 medio-

489 3721 671 3836 ᾙὲξὲζᾱ
829 3767 1010 3810 crum
1057 3745 1142 3808 ad
1187 3766 1508 3808 summam
1571 3749 1947 3829 egestatem,
1995 3745 2332 3808 distractis
2390 3746 2804 3831 patrimoniis
2848 3754 2917 3812 et

490 3855 560 3917 by
585 3854 717 3904 their
833 3845 1344 3936 possessionibus
1408 3867 1523 3932 per
1584 3846 1985 3910 occasionem
2029 3845 2075 3909 J
2077 3845 2295 3910 udaiei
2358 3845 2644 3928 foenoriS,
2692 3870 2919 3934 perve-

493 3936 665 3987 usur-5.
836 3954 1090 4014 nerant.
1185 3947 1384 4012 Unde
1429 3969 1561 4012 non
1627 3945 1956 4011 immerito
2000 3954 2141 4012 tam
2207 3947 2489 4012 crudelis
2552 3952 2917 4036 persecutio

831 4077 871 4118 a
922 4050 1319 4166 Christianis
1363 4049 1456 4114 eis
1501 4056 1601 4114 est
1644 4049 1850 4115 illa-ta.

901 4345 916 4374 ¹
949 4341 1228 4408 deniquae]
1267 4342 1568 4406 denigraret,
1591 4342 1654 4390 R.
1679 4341 1745 4393 H.
1984 4345 2002 4373 ³
2036 4341 2251 4408 valebat]
2290 4344 2466 4407 potuit,
2488 4344 2550 4394 R.
2573 4345 2637 4394 11.

898 4423 918 4452 ²
949 4423 1216 4487 copiosam]
1256 4421 1519 4481 infinitam,
1543 4422 1602 4470 R.
1628 4422 1696 4472 11.
