3519 5734
824 792 954 856 226
1421 806 1699 857 'monus
1741 808 1961 857 Anus
2002 808 2313 858 mnne.

489 994 630 1047 Aa).
655 1000 783 1048 1182
822 980 1072 1048 toftum
1127 981 1558 1069 reciperemus
1601 987 1671 1047 et
1729 988 2100 1049 teneremus
2144 984 2392 1071 absque
2435 982 2921 1049 reclamatione.

491 1064 679 1191 33¹⁷:
827 1086 1031 1171 Hugo
1061 1083 1262 1150 etiam
1307 1084 1620 1170 Ranyard
1664 1084 1746 1149 de
1792 1084 2126 1173 Kylloma,
2162 1084 2408 1171 junior,
2454 1086 2917 1172 praescripta&

493 1156 724 1259 Befortlff.
825 1190 990 1255 duas
1031 1188 1311 1253 bovatas
1353 1192 1548 1253 terrae
1594 1191 1663 1252 et
1721 1191 1856 1252 troe
1898 1188 2106 1253 tostos
2152 1188 2225 1251 in
2269 1188 2583 1256 Beforthe
2628 1187 2715 1254 ad
2760 1208 2923 1273 opus

825 1294 1128 1357 nostrum
1173 1290 1580 1376 comparavit
1624 1290 1706 1354 de
1752 1290 2012 1377 Rogero
2042 1290 2257 1355 Puero
2301 1292 2385 1357 de
2416 1290 2686 1355 Beforth
2716 1314 2733 1370 ;
2774 1311 2927 1374 quae

827 1392 1014 1480 quasi
1058 1414 1142 1457 ex
1186 1391 1544 1457 donatione
1585 1391 1851 1478 praefati
1898 1392 2140 1479 Rogeri
2183 1393 2603 1479 possidemus,
2678 1390 2813 1456 Sed
2856 1396 2927 1456 et

827 1495 998 1561 alius
1028 1494 1298 1581 quidam
1329 1494 1500 1560 Acer
1529 1493 1611 1559 de
1643 1494 1955 1559 Beforthe
1984 1493 2149 1559 duos
2180 1493 2479 1559 selliones
2508 1494 2583 1557 in
2612 1492 2927 1559 Beforthe

829 1598 1326 1685 propinquiores
1369 1597 1660 1683 grangiae
1717 1600 1965 1661 nostrae
2010 1595 2093 1661 de
2138 1596 2342 1674 Mora,
2390 1598 2681 1683 quinque
2724 1595 2929 1681 perti-

830 1704 1009 1765 catas
1051 1698 1226 1763 infra
1270 1704 1520 1764 curtem
1566 1699 1763 1764 dictae
1807 1698 2120 1785 grangiae,
2178 1703 2265 1777 et,
2326 1698 2411 1763 ad
2459 1697 2927 1763 occidentalem

827 1806 1086 1889 partem
1160 1804 1354 1865 extra
1427 1806 1677 1865 curtem
1750 1800 2041 1887 grangiae
2088 1798 2397 1884 ejusdem,
2460 1788 2507 1862 ‘2
2574 1798 2928 1885 perticatas

829 1906 904 1969 in
961 1902 1172 1967 latum
1221 1908 1290 1967 et
1339 1906 1424 1967 44
1476 1902 1834 1988 perticatas
1884 1902 1958 1965 in
2017 1900 2307 1989 longum,
2355 1907 2424 1967 et
2460 1903 2547 1967 ad
2606 1902 2927 1967 orientem

829 2011 1022 2073 extra
1064 2009 1316 2069 curtem
1383 2005 1578 2069 dictae
1621 2005 1917 2091 grangiae
1959 2005 2125 2069 duas
2167 2005 2521 2091 perticatas
2586 2004 2660 2067 in
2716 2004 2929 2067 latum

829 2113 899 2174 et
959 2110 1046 2171 20
1112 2107 1186 2170 in
1228 2106 1538 2192 longum3
1597 2107 1859 2184 scilicet,
1905 2128 1990 2172 ex
2053 2111 2333 2193 utraque
2401 2111 2587 2192 parte
2630 2105 2926 2193 grangiae

825 2210 1011 2275 illam
1085 2214 1330 2273 terram
1404 2220 1604 2294 quam
1679 2209 1916 2274 habuit
1989 2210 2117 2295 ipsi
2188 2209 2480 2296 grangiae
2540 2207 2929 2294 propinqui-

826 2334 1022 2379 orem.
1115 2310 1320 2395 Oujus
1364 2309 1542 2375 filius
1587 2311 1883 2397 Rogerus
1928 2332 2132 2375 unam
2198 2312 2589 2397 perticatam
2639 2310 2713 2373 in
2775 2309 2929 2374 lati-

825 2414 1078 2493 tudine,
1145 2414 1316 2479 sicut
1389 2414 1666 2479 cadebat
1741 2414 1989 2499 ubique
2065 2414 2139 2477 in
2212 2435 2443 2500 campo
2520 2412 2725 2478 Morae
2802 2413 2928 2479 Be-

823 2516 1072 2594 fordiae‚
1129 2516 1322 2581 nobis
1391 2514 1754 2581 concessit}g
1846 2514 2011 2594 Quae
2081 2516 2303 2579 omnia
2350 2513 2770 2579 Baldewinus
2840 2518 2923 2581 de

825 2618 1134 2685 Beforthe
1164 2624 1232 2683 et
1263 2618 1626 2683 Nicholaus
1669 2617 1849 2682 filius
1895 2616 2037 2702 ejus
2083 2618 2274 2683 nobis
2322 2618 2924 2682 confirmaverunt.³

824 2724 1100 2811 Ipseque
1147 2723 1567 2788 Baldewinus
1610 2728 1875 2789 tantam
1936 2728 2178 2787 terram
2241 2746 2325 2788 ex
2377 2728 2659 2807 utraque
2733 2728 2923 2809 parte

823 2825 1018 2892 dictae
1079 2825 1391 2912 grangiae,
1458 2832 1776 2911 quantam
1840 2826 2189 2912 praedictus
2233 2824 2404 2891 Acer
2464 2824 2655 2890 nobis
2717 2825 2923 2891 dona-

822 2932 1030 3006 verat,
1075 2925 1266 2991 nobis
1312 2925 1496 2990 dedit
1517 2950 1535 3006 3
1557 2925 1581 2962 ⁴
1624 2933 1692 2992 et
1741 2931 1782 2991 2
1846 2929 2198 3014 perticatas
2242 2933 2436 2993 terrae
2480 2949 2643 3012 quas
2687 2927 2925 2994 habuit

495 3031 640 3079 Laud
663 3032 716 3081 in
822 3028 1000 3094 intra
1043 3033 1414 3093 carucatam
1455 3033 1653 3094 terrae
1700 3029 1921 3106 Motae,
1970 3030 2217 3095 scilicet
2276 3015 2728 3094 duodecimam
2772 3053 2925 3116 par-

494 3097 652 3148 More.
825 3134 962 3197 tem
1025 3131 1231 3217 ipsius
1293 3135 1616 3196 carucatae
1661 3135 1874 3207 terrae,
1946 3153 2067 3218 pro
2132 3153 2251 3196 sex
2310 3131 2597 3196 denariis
2654 3134 2913 3212 annuis,

821 3235 1013 3300 nobis
1056 3233 1341 3299 contulit
1396 3254 1544 3298 cum
1590 3234 1817 3320 seipsO.
1915 3233 2132 3313 Quem
2177 3233 2511 3298 redditum
2557 3256 2675 3298 sex
2722 3235 2927 3301 dena-

823 3337 1272 3401 riorumheres
1339 3357 1496 3399 suus
1541 3336 1738 3400 nobis
1789 3357 1877 3421 po
1900 3340 2051 3401 stea
2098 3334 2456 3401 relaxabat.
2554 3336 2603 3400 J
2604 3336 2927 3404 ohannes-

825 3459 952 3523 que
997 3433 1078 3502 de
1108 3436 1460 3523 Owstwyk
1488 3437 1823 3523 quandam
1853 3438 2251 3525 particulam
2292 3443 2486 3502 terrae
2518 3438 2709 3503 nobis
2738 3439 2926 3507 dedit

826 3534 1124 3604 ibidem.³

899 3883 912 3912 ¹
941 3881 1289 3947 praescriptus]
1326 3878 1552 3945 wanting
1573 3879 1628 3930 in
1649 3878 1709 3929 P.
1995 3884 2014 3913 ⁴
2048 3881 2183 3932 nobis
2203 3881 2362 3948 dedit]
2398 3886 2720 3944 concedebat,
2738 3885 2800 3934 P.

895 3963 917 3992 ²
947 3961 1202 4026 concessit]
1238 3961 1556 4021 concedebat,
1577 3959 1638 4008 P.
1995 3963 2015 3989 ³
2046 3961 2095 4010 A
2122 3977 2329 4027 passage
2366 3962 2584 4013 inserted
2616 3964 2671 4013 in
2701 3963 2759 4014 P.
2829 3964 2929 4016 See

896 4042 915 4070 ⁸
935 4037 1748 4103 confirmwermflconfirmabant,
1768 4037 1825 4088 P.
1930 4039 2104 4101 above,
2128 4055 2174 4104 p.
2198 4045 2314 4101 223,
2338 4049 2455 4092 note
2480 4044 2523 4092 ⁷.
