3519 5734
747 826 879 889 204
1273 841 1641 891 Pmmrrns
1685 840 1902 890 ABBAS
1947 840 2321 891 SECUNDUS.

402 1021 722 1074 14111172-
745 1012 1178 1102 protegendas
1236 1016 1630 1101 relinquens,
1673 1014 1992 1081 transivit
2036 1016 2247 1081 maria
2288 1020 2357 1081 et
2402 1015 2837 1082 Cantuariam

410 1092 568 1142 ¹¹⁷4*
741 1138 949 1203 usque
993 1118 1310 1204 pervenit.
1405 1118 1537 1197 Qui
1581 1132 1893 1197 antequam
1917 1127 2217 1182 civitatem
2252 1126 2517 1191 intraret,
2544 1132 2613 1182 ut
2646 1126 2836 1199 ipsam
2860 1134 3017 1189 Gesta
3036 1149 3157 1205 post

741 1219 894 1274 vidit
951 1225 1013 1274 et
1046 1220 1555 1291 metropolitanam
1589 1219 1901 1273 ecclesiam
1954 1219 2018 1273 in
2053 1236 2169 1289 qua
2216 1225 2441 1289 martyr
2490 1220 2830 1289 requiescit,
2856 1202 3185 1270 Mmyrium,

737 1320 872 1357 mox
907 1303 1331 1359 incredibiliter
1367 1304 1710 1358 humiliatus
1747 1308 1809 1358 et
1832 1302 2077 1358 devotus
2082 1343 2309 1367 .....
2350 1303 2524 1359 nudis
2560 1304 2831 1376 pedibuS,
2856 1288 2905 1337 Ρ·
2933 1277 3043 1324 ¹⁵⁰·

737 1391 860 1443 toto
915 1388 1094 1443 etiam
1144 1387 1360 1443 nudato
1414 1406 1655 1459 corpore
1705 1392 2099 1459 praeterquam
2148 1386 2259 1442 vili
2310 1387 2565 1459 quadam
2612 1389 2832 1453 tunica,

739 1522 754 1536 .
793 1520 806 1533 .
846 1519 861 1533 .
904 1518 917 1532 .
954 1479 1150 1551 palam
1186 1479 1248 1534 in
1283 1484 1594 1551 conspectu
1618 1480 1879 1534 omnium
1916 1480 2215 1535 civitatem
2250 1480 2495 1537 intravit
2510 1504 2530 1545 ;
2573 1492 2839 1559 gemens

737 1576 807 1636 et
851 1572 1015 1638 flens
1058 1573 1240 1637 viam
1285 1572 1605 1637 luteosam
1651 1577 1719 1637 et
1764 1572 2159 1658 asperiorem
2204 1572 2532 1660 eligebat3
2583 1595 2835 1661 proces-

739 1676 1118 1761 sionemque
1163 1675 1632 1740 monachorum
1679 1674 2043 1740 secundum
2086 1674 2625 1741 consuetudinem
2688 1696 2840 1741 con-

735 1783 845 1843 tra
890 1799 1042 1842 eum
1087 1777 1234 1842 fieri
1276 1776 1684 1864 prohibebat.
1784 1777 2073 1841 Veniens
2133 1778 2340 1864 igitur
2402 1778 2487 1843 ad
2551 1778 2836 1843 ecelesiae

739 1879 912 1944 fores
957 1879 1247 1965 procidit
1276 1880 1350 1943 in
1377 1878 1608 1944 faciem
1639 1884 1706 1945 et
1737 1880 1969 1944 oravit.
2062 1879 2405 1964 Ingressus
2433 1901 2591 1947 vero
2621 1882 2836 1946 locum

735 1982 1047 2067 martyrii
1112 1981 1292 2068 rigat
1334 1980 1645 2067 lacrymis
1690 1988 1759 2047 et
1806 1982 2233 2047 deosculatur.
2348 1982 2547 2048 Dicta
2612 1988 2836 2047 autem

733 2083 1132 2149 confessione
1176 2105 1391 2148 coram
1439 2084 1757 2169 episcopis
1804 2083 2175 2149 astantibus
2205 2084 2293 2149 ad
2322 2086 2621 2151 tumbam
2666 2108 2838 2151 mar-

732 2185 902 2269 tyris
925 2185 1287 2251 accedebat.
1346 2184 1508 2264 Ubi,
1530 2191 1678 2272 post
1708 2186 2076 2251 orationem
2107 2185 2461 2269 diutinam,
2494 2190 2836 2275 episcopus

733 2286 1210 2353 Londoniensis
1255 2310 1476 2354 coram
1519 2288 1700 2353 omni
1769 2289 2009 2374 populo
2049 2310 2269 2375 regem
2316 2290 2397 2355 de
2462 2314 2618 2358 nece
2663 2314 2835 2357 mar-

732 2390 902 2476 tyris
969 2392 1341 2457 excusabat.
1457 2390 1606 2456 Rex
1668 2395 1913 2469 autem,
1959 2392 2287 2458 restitutis
2330 2394 2616 2461 ecclesiae
2664 2396 2836 2462 Oan-

730 2493 1052 2559 tuariensi
1119 2493 1256 2559 suis
1321 2493 1588 2581 juribus
1664 2493 1750 2558 ab
1828 2495 2125 2581 antiquo,
2198 2496 2482 2583 triginta
2552 2498 2827 2563 libratas

728 2596 1031 2661 redditus
1076 2596 1156 2661 de
1200 2597 1459 2662 ratione
1509 2596 1686 2683 regis
1747 2596 1823 2660 in
1880 2618 2123 2661 munus
2166 2600 2453 2684 martyri
2496 2598 2830 2666 offerebat.

731 2698 988 2764 Deinde
1056 2698 1199 2785 ipso
1267 2698 1388 2763 vili
1462 2703 1648 2763 veste
1711 2698 2001 2777 indutus,
2068 2698 2388 2765 inclinato
2455 2703 2695 2789 capite,
2760 2708 2829 2769 et

731 2800 1012 2888 scapulis
1073 2800 1284 2886 primo
1348 2800 1698 2886 quinquies
1741 2822 1785 2865 a
1829 2800 2251 2888 pontificibus
2319 2808 2389 2867 et
2450 2804 2825 2884 abbatibus„

731 2901 1149 2989 postmodum
1194 2924 1236 2966 a
1303 2901 1638 2967 monachis
1707 2906 1795 2968 80
1859 2909 1928 2968 et
1988 2926 2065 2969 eo
2126 2905 2411 2993 amplius
2468 2911 2573 2972 ter
2638 2908 2833 2997 virga

730 3002 1130 3090 disciplinali
1191 3024 1550 3090 percussuS,
1619 3027 1659 3068 a
1721 3005 2001 3093 singulis
2071 3007 2427 3073 solenniter
2489 3010 2830 3078 absolutus

728 3111 846 3172 est.
955 3103 1215 3186 Quibus
1279 3106 1501 3192 gestis,
1561 3106 1743 3172 nuda
1809 3107 2011 3174 humo
2078 3109 2385 3189 residens,
2448 3111 2645 3178 nudis
2710 3135 2829 3178 nec

727 3208 882 3276 lotis
924 3213 1076 3296 post
1119 3208 1340 3273 lutum
1406 3209 1698 3294 pedibus,
1751 3209 2024 3296 jejunus
2068 3214 2148 3276 ut
2192 3219 2482 3290 venerat,
2528 3219 2674 3280 tota
2715 3215 2831 3280 illa

729 3311 1056 3377 adventus
1117 3311 1222 3376 sui
1279 3311 1384 3376 die
1429 3317 1497 3376 et
1539 3323 1731 3377 nocte
1776 3319 2094 3398 sequente
2155 3337 2349 3380 orans
2414 3322 2482 3382 et
2549 3317 2827 3404 pervigil

729 3419 886 3480 ante
914 3423 1274 3500 martyrem
1318 3415 1747 3500 pernoctavit.
1840 3416 1947 3492 Et,
1976 3437 2061 3481 ne
2098 3418 2245 3502 quis
2276 3418 2543 3485 dubitet
2571 3420 2827 3484 meritis

393 3519 499 3598 ῌίε,
512 3519 678 3570 humi-
727 3517 934 3604 ipsius
1003 3517 1227 3582 Sancti
1281 3515 1550 3582 Thomae
1612 3518 1929 3604 martyris
1974 3519 2417 3586 satisfactione
2462 3521 2636 3608 regis
2680 3543 2824 3586 sen-

389 3586 622 3704 }{ffissffed
634 3655 706 3719 by
726 3619 1014 3684 tentiam
1079 3619 1329 3684 divinae
1389 3619 1765 3684 severitatis
1823 3620 2085 3708 placari,
2150 3622 2421 3687 evidens
2478 3621 2673 3709 hujus
2730 3625 2827 3688 rei

392 3719 678 3771 immediate
725 3721 1048 3787 indicium
1105 3721 1488 3786 habebatur.
1581 3722 1759 3787 Nam
1819 3723 1963 3809 ipso
2008 3728 2301 3811 tempore
2360 3748 2481 3791 rex
2527 3725 2825 3793 Franciae

390 3786 674 3904 tqffiggef
727 3829 796 3890 et
861 3823 984 3888 filii
1051 3824 1154 3888 sui
1217 3824 1291 3887 in
1335 3823 1400 3887 Ν
1405 3824 1754 3888 ermannia
1813 3824 2207 3892 rebellantes
2272 3848 2315 3892 a
2371 3831 2823 3915 persecutione

725 3929 1078 3992 cessarunt.
1189 3925 1472 4012 Ipsoque
1540 3926 1648 3992 die
1694 3949 1824 4013 quo
1867 3951 1990 3994 rex
2048 3929 2476 3995 Cantuariam
2520 3933 2821 4014 intravit,

725 4029 1006 4114 martyri
1045 4027 1523 4105 satisfacturuS,
1568 4051 1782 4095 comes
1828 4029 2181 4110 Flandriae‚
2227 4032 2343 4119 qui
2409 4055 2559 4098 cum
2624 4035 2822 4101 innu-

726 4152 906 4197 mero
952 4131 1248 4196 exercitu
1292 4151 1472 4195 oram
1498 4130 1517 4167 ¹
1583 4133 1785 4197 maris
1830 4133 2174 4199 obsederat
2240 4140 2319 4200 ut
2384 4135 2457 4200 in
2510 4137 2823 4224 Angliam

726 4233 1113 4320 repentinus
1159 4233 1569 4319 irrumperet,
1618 4239 1877 4302 mutato
1922 4241 2191 4322 repente
2236 4239 2506 4304 consilio
2534 4240 2608 4303 in
2652 4240 2719 4306 N
2722 4264 2824 4306 or-

727 4335 1068 4401 manniam
1131 4356 1432 4400 reversus
1495 4340 1616 4402 est.
1728 4337 1812 4403 In
1876 4340 2164 4404 crastino
2221 4345 2463 4419 autem,
2508 4342 2824 4408 audiente

727 4459 882 4525 rege
931 4443 1088 4502 ante
1133 4443 1492 4524 martyrem
1538 4443 1608 4504 et
1652 4439 1732 4504 de
1776 4447 2070 4526 martyre
2099 4443 2315 4522 missa,
2362 4444 2589 4511 eadem
2618 4446 2822 4512 etiam

1457 4769 1474 4802 ¹
1507 4769 1666 4835 oram]
1705 4769 1881 4822 horam
1902 4771 1957 4822 in
1978 4773 2096 4826 MS.
