3519 5734
1155 842 1353 905 nnec
1395 838 1615 891 Annas
1657 840 1978 902 Qum-rus.
2470 827 2598 891 381

513 1015 587 1080 in
632 1036 913 1102 quorum
956 1014 1281 1103 parochiis
1337 1014 1495 1103 ipsae
1552 1016 1746 1081 terrae
1791 1012 2087 1093 fuerint,¹
2135 1035 2222 1079 ne
2265 1012 2600 1079 occasione
2626 1022 2765 1074 AJ).
2796 1028 2926 1076 1210

513 1116 1011 1205 privilegiorum
1097 1117 1347 1183 ordinis
1434 1116 1719 1185 ecclesiae
1792 1116 2071 1181 ulterius
2143 1119 2600 1203 gravarentur,
2625 1096 2808 1144 ‘¹²²⁰‘

513 1220 643 1284 nisi
700 1242 851 1286 cum
910 1220 1187 1305 eisdem}
1215 1218 1501 1288 ecclesiis
1573 1218 1771 1284 aliter
1831 1218 2146 1285 ducerent
2217 1238 2608 1305 componen-

514 1322 691 1389 dum.
758 1322 942 1389 Ante
984 1322 1163 1409 quod
1206 1322 1469 1407 quidem
1512 1320 1862 1387 concilium
1918 1320 2236 1407 generale,
2281 1342 2429 1386 cum
2488 1340 2609 1408 per

516 1423 681 1490 alios
724 1446 1015 1490 summos
1056 1424 1400 1511 pontifices
1464 1421 1657 1489 nobis
1720 1427 1796 1490 et
1839 1421 2060 1489 ordini
2103 1428 2330 1490 nostro
2373 1421 2608 1488 fuisset

512 1525 870 1606 indultum,
916 1532 989 1592 et
1052 1526 1139 1591 ab
1202 1525 1349 1613 ipso
1414 1524 1807 1593 Innocentio
1853 1524 2040 1613 Papa
2081 1529 2124 1593 3
2166 1532 2396 1613 postea.
2455 1546 2606 1591 con-

512 1626 871 1707 firmatum,
915 1632 996 1695 ut
1061 1625 1146 1693 de
1210 1626 1593 1714 hujusmodi
1609 1624 1637 1663 ²
1700 1625 2040 1694 laboribus
2103 1650 2266 1715 quos
2325 1626 2608 1715 propriis

514 1730 823 1797 manibus
860 1735 984 1796 aut
1026 1729 1403 1817 sumptibus
1462 1729 1819 1797 coleremus
1861 1728 2115 1795 nemini
2157 1730 2442 1796 decimas
2483 1728 2609 1794 sol-

515 1854 671 1898 vere
698 1836 1093 1913 teneremur,
1136 1831 1411 1919 quidam
1452 1836 1679 1897 tamen
1722 1830 2155 1899 nihilominus
2198 1854 2241 1898 a
2297 1831 2490 1897 nobis
2539 1834 2612 1896 et

515 1934 601 1999 ab
644 1935 795 2000 aliis
838 1934 1129 2023 personis
1172 1932 1439 2011 ordinis,
1483 1939 1716 1999 contra
1773 1932 1970 2001 dictae
2013 1934 2391 2022 apostolicae
2435 1932 2610 1999 sedis

516 2036 979 2125 indulgentiae,
1012 2036 1295 2102 decimas
1338 2035 1603 2123 exigere
1646 2040 1717 2101 et
1763 2040 2154 2122 extorquere
2183 2056 2612 2123 praesumpse-

517 2138 725 2219 runt,⁸
768 2143 855 2219 et,
884 2160 1094 2225 prava
1137 2142 1208 2204 et
1236 2136 1505 2203 sinistra
1530 2137 2076 2224 interpretatione
2105 2138 2610 2225 apostolicorum

518 2241 1017 2329 privilegiorum
1082 2239 1449 2327 capitulum
1522 2245 1998 2326 pervertentes,
2069 2240 2454 2306 asserebant
2527 2240 2610 2305 de

520 2342 873 2409 novalibus
937 2340 1177 2408 debere
1242 2340 1533 2429 intelligi
1597 2340 1718 2407 ubi
1777 2342 2067 2407 noscitur
2131 2342 2216 2407 de
2273 2341 2612 2407 laboribus

519 2466 659 2511 esse
704 2446 1037 2532 scriptum.
1133 2442 1285 2521 Sed,
1313 2442 1623 2530 quoniam
1668 2443 2097 2509 manifestum
2140 2442 2275 2510 fuit
2304 2443 2612 2509 omnibus
2632 2460 2936 2527 Exemption

519 2549 633 2634 qui
676 2553 853 2614 reete
912 2546 1186 2634 sapiunt
1243 2546 1863 2633 interpretationem
1919 2545 2300 2635 hujusmodi
2349 2568 2608 2634 perver-
2629 2526 2911 2660 ἕζῗῐξὲὴθ

520 2671 660 2715 sam
704 2671 843 2715 esse
888 2656 958 2715 et
1000 2648 1369 2714 intellectui
1412 2670 1571 2713 sano
1616 2648 2033 2727 contrariam,
2063 2669 2149 2715 ne
2175 2648 2352 2715 ullus
2379 2655 2611 2715 eontra
2633 2670 2688 2711 to
2709 2660 2906 2713 Meaux

518 2774 640 2818 nos
697 2751 1037 2818 materiam
1104 2750 1426 2837 acciperet
1481 2749 1909 2837 malignandi,
1951 2750 2132 2817 idem
2188 2772 2362 2839 papa
2404 2752 2610 2817 Inno-
2631 2728 2885 2846 {2233}

520 2854 776 2922 centius
852 2856 893 2922 3
968 2850 1363 2920 Eboracensi
1454 2850 1935 2940 archiepiscopo
2025 2859 2096 2920 et
2176 2853 2610 2921 Dunelmensi
2631 2861 2731 2913 ΙΠ-

520 2958 842 3046 episcopo,
890 2960 960 3022 et
1020 2955 1169 3021 aliis
1235 2953 1653 3022 ecclesiarum
1715 2955 2027 3043 praelatis,
2070 2977 2191 3043 per
2253 2958 2612 3046 apostolica.

520 3061 765 3149 scripta
806 3057 1247 3148 praecipiendo
1290 3057 1551 3124 censuit
1592 3058 1999 3139 remandare,
2045 3058 2360 3145 quatinus
2405 3061 2616 3127 omni-

519 3161 645 3228 bus
704 3160 1119 3250 parochianis
1195 3161 1333 3227 suis
1404 3161 1808 3226 auctoritate
1881 3161 2242 3248 apostolica
2313 3169 2618 3228 curarent

522 3265 867 3353 prohibere
910 3285 996 3330 ne
1061 3284 1105 3328 a
1162 3261 1355 3328 nobis
1400 3261 1485 3328 de
1526 3261 1899 3341 novalibus,
1945 3261 2056 3327 vel
2101 3261 2184 3328 de
2225 3262 2379 3328 aliis
2422 3264 2618 3330 terris

525 3389 687 3455 quas
731 3366 1012 3455 propriis
1073 3364 1383 3430 manibus
1448 3370 1571 3430 aut
1632 3363 2010 3451 sumptibus
2069 3364 2460 3442 colebamus,
2501 3387 2618 3431 seu

524 3470 607 3535 de
650 3466 1081 3534 nutrimentis
1146 3464 1554 3543 animalium,
1603 3465 1892 3533 decimas
1951 3471 2426 3552 praesumerent
2483 3467 2619 3532 exi-

522 3593 676 3660 gere
740 3592 856 3636 seu
902 3567 1397 3656 quomodolibet
1438 3569 1874 3653 extorquere3
1919 3565 2089 3632 illud
2132 3568 2457 3656 praecipue
2511 3569 2624 3632 de-

522 3673 834 3740 clarando
878 3669 1071 3758 quod,
1102 3669 1162 3734 si
1205 3669 1287 3734 de
1317 3667 1667 3734 novalibus
1694 3673 1961 3736 tantum
1989 3669 2278 3758 intelligi
2305 3670 2623 3737 voluisset

523 3775 643 3844 ubi
685 3773 959 3861 ponitur
1002 3771 1084 3836 de
1128 3769 1487 3851 laboribus,
1530 3769 1615 3834 de
1658 3769 2006 3836 novalibus
2049 3773 2388 3858 posuisset,
2447 3773 2623 3839 sicut

523 3879 599 3942 in
642 3874 1009 3965 privilegiis
1052 3871 1464 3960 quorundam
1510 3872 1823 3959 apposuit
1865 3872 2188 3954 aliorum3
2236 3885 2306 3940 et
2349 3880 2430 3940 ut
2469 3897 2621 3942 con-

525 3983 903 4067 temptores,
950 3975 1303 4042 monachos
1365 3973 1475 4040 vel
1538 3975 1903 4052 canonicos,
1947 3975 2210 4042 clericos
2253 3977 2362 4042 vel
2403 3977 2622 4057 laicOS,

522 4083 642 4172 qui
700 4085 933 4148 contra
990 4079 1135 4167 ipsa
1201 4077 1555 4166 privilegia.
1597 4099 1796 4166 super
1837 4077 2238 4144 decimarum
2282 4080 2622 4146 exactione

524 4207 646 4253 nos
690 4185 1066 4273 gravarent,
1108 4179 1309 4245 laicos
1352 4178 2053 4246 excommunicationis
2096 4179 2430 4247 sententia
2477 4203 2622 4269 per-

526 4289 853 4368 cellerent,
897 4291 968 4350 et
1026 4282 1398 4360 monachos
1442 4282 1786 4350 canonicos
1835 4283 1976 4348 sive
2035 4281 2313 4364 clericos,
2359 4290 2620 4350 contra-

529 4391 836 4468 dictione,
869 4386 1188 4453 dilatione
1234 4390 1304 4451 et
1332 4385 1791 4472 appellatione,
1823 4386 2249 4466 cessantibus,
2281 4386 2367 4452 ab
2411 4387 2621 4454 officio
2693 4413 2698 4420 ·

597 4641 612 4672 ¹
649 4635 1013 4702 Astersueriut
1032 4633 1188 4684 insert
1208 4631 1421 4691 situatoe,
1442 4629 1503 4682 P.
1688 4631 1709 4660 ³
1730 4629 2174 4698 presumpserunt]
2238 4633 2620 4696 praesumebant,

595 4722 617 4751 ²
648 4714 949 4785 taujaamoaz]
974 4713 1201 4779 wanting
1221 4713 1276 4764 in
1298 4711 1359 4763 P.
1619 4709 1681 4761 Ρ.
1961 4703 1966 4708 ’
