3519 5734
1038 1333 1491 1414 PRAEFATIO
1554 1336 1870 1416 OPERIS
1933 1341 2463 1424 ΒΕ(ΠΙΕΝΤΙΒ.ι

701 1727 865 1797 CUM
908 1727 1207 1795 virorum
1251 1725 1629 1808 illustrium,
1676 1729 1996 1797 abbatum
2040 1732 2238 1822 hujus
2281 1735 2672 1802 monasterii
2720 1735 2804 1802 de
2828 1743 2968 1794 1:11.

698 1844 927 1926 Melea,
1002 1845 1404 1924 memoriam,
1480 1844 1564 1911 ob
1641 1847 2124 1934 negligentium
2201 1848 2536 1930 desidiam,
2615 1871 2804 1938 paene

701 1959 995 2026 finaliter
1060 1961 1383 2049 deperisse
1444 1960 1789 2048 conspici0,
1834 1961 2102 2029 interno
2162 1964 2387 2031 dolore
2445 1970 2802 2045 contactae,

700 2074 1134 2162 ingemiscens
1199 2077 1496 2164 graviter
1561 2077 1836 2164 saepire,
1907 2083 2056 2145 tum
2117 2079 2275 2166 quia
2336 2083 2444 2148 tot
2508 2085 2579 2146 et
2640 2081 2806 2147 tales

702 2193 1006 2271 lucernae,
1050 2196 1157 2259 tot
1200 2193 1513 2260 videlicet
1556 2192 1884 2259 nobilium
1927 2200 2196 2282 patrum
2240 2199 2428 2282 gesta.
2470 2196 2806 2285 praeclara,

705 2307 829 2376 sub
874 2307 1097 2373 modio
1139 2307 1396 2374 lateant
1440 2305 1892 2388 absconditae?
1931 2313 2080 2374 tum
2123 2309 2284 2394 quia
2326 2314 2434 2375 tot
2477 2311 2808 2396 sapientes

702 2428 771 2490 et
815 2422 999 2490 scioli
1027 2422 1145 2509 qui
1188 2442 1311 2487 nos
1338 2427 1834 2509 praecesserunt,
1865 2422 2250 2490 thesaurum
2295 2424 2640 2510 sapientiae
2669 2445 2810 2490 suae

700 2537 979 2606 condere
1037 2537 1419 2602 nullatenus
1486 2536 1933 2618 formidantes,
1979 2537 2176 2603 laude
2244 2539 2479 2626 dignos
2541 2544 2810 2626 patrum

704 2674 974 2720 suorum
1018 2657 1205 2718 actus
1249 2650 1493 2717 litteris
1560 2651 1823 2718 tradere
1890 2651 2170 2739 publicis
2221 2653 2496 2720 minime
2541 2674 2810 2721 curave-

708 2773 883 2836 runt.
964 2767 1257 2853 Cupiens
1301 2785 1455 2854 ergo
1490 2770 1701 2834 tantae
1744 2767 2170 2856 negligentiae
2215 2791 2335 2857 pro
2379 2790 2566 2858 posse
2609 2769 2812 2837 finem
2837 2773 3053 2828 Sem-ees
3075 2777 3138 2829 of

704 2886 1061 2971 imponere,
1118 2882 1423 2970 quamvis
1491 2904 1598 2949 me
1663 2883 1934 2970 penitus
1996 2884 2505 2953 insufficientem
2573 2906 2812 2975 cogno-
2837 2843 3143 2964 fflgzgnt

704 2990 937 3077 verim,
981 2996 1338 3065 nonnullas
1382 2998 1647 3064 cedulae
1706 2999 2016 3086 antiquas
2058 3005 2129 3066 et
2173 3002 2589 3069 membranas
2645 3024 2806 3090 neg-

702 3117 905 3182 lectas
949 3119 1104 3202 post
1172 3113 1446 3201 longum
1514 3114 1906 3180 scrutinium
1969 3116 2042 3180 in
2110 3137 2318 3183 unum
2383 3117 2653 3205 collegi3
2721 3138 2807 3183 ex

703 3231 944 3318 quibus
988 3228 1153 3295 alias
1218 3228 1545 3295 imbribus
1606 3229 1957 3317 expositas,
2001 3230 2165 3297 alias
2230 3231 2375 3319 igni
2438 3231 2807 3318 deputatae,

712 3346 993 3426 inveni3
1066 3344 1143 3409 in
1217 3344 1475 3430 quibus,
1546 3348 1739 3423 certe,
1803 3345 2225 3431 dispendiosa
2296 3346 2371 3410 in
2442 3346 2812 3412 breviorem

707 3461 935 3528 stilum
967 3460 1287 3541 converti,
1320 3458 1607 3545 mystica.
1626 3456 1655 3498 ⁸
1682 3458 2086 3526 luculentius
2115 3459 2506 3548 explanavi3
2535 3460 2817 3549 registra

710 3576 1088 3655 transcurri,
1135 3580 1340 3662 atque
1402 3576 1640 3641 omissa
1706 3595 1792 3640 ex
1853 3575 2150 3662 registris
2214 3580 2282 3640 et
2349 3575 2497 3642 aliis
2554 3575 2818 3663 scriptis

710 3690 1114 3758 authenticis
1130 3687 1159 3729 ⁴
1218 3710 1574 3777 excerpens
1638 3688 1938 3775 adjunxi,
2002 3693 2070 3756 et
2137 3688 2402 3756 demum
2467 3690 2542 3755 in
2607 3712 2817 3759 unum

712 3810 1027 3893 congesta
1069 3806 1145 3871 in
1207 3806 1333 3873 hoc
1397 3804 1784 3892 opusculum
1851 3804 2156 3871 seriosius
2223 3808 2509 3875 exaravi.
2599 3806 2816 3874 Nemo

710 3922 941 4011 igitur,
1000 3942 1149 3988 cum
1223 3923 1297 3987 in
1369 3921 1798 4009 sequentibus
1871 3944 2019 4010 quae
2093 3924 2278 4010 prius
2337 3944 2474 3987 non
2531 3928 2816 3991 noverat

707 4038 1061 4118 invenerit,
1104 4038 1357 4103 inserta
1400 4059 1479 4105 ea,
1536 4059 1644 4103 me
1704 4059 1790 4103 ex
1848 4039 2114 4126 propria
2175 4038 2596 4124 suggestione
2640 4040 2812 4104 exis-

710 4155 907 4223 timet
952 4152 1327 4231 derivasse?
1370 4153 1487 4219 sed
1551 4152 1818 4219 noverit
1884 4174 2004 4240 pro
2073 4156 2252 4219 certo
2295 4152 2468 4219 nihil
2488 4149 2516 4192 ⁰
2557 4153 2632 4219 in
2689 4154 2816 4220 hoc

776 4454 795 4488 ¹
830 4454 959 4508 This
994 4456 1194 4521 preface
1214 4470 1321 4507 was
1354 4455 1518 4507 added
1550 4455 1605 4506 in
1626 4454 1715 4506 the
1875 4452 1898 4487 ⁸
1930 4454 2158 4521 mystica]
2197 4454 2410 4515 mistica,
2431 4454 2545 4507 MS.

710 4534 931 4586 revision
976 4536 1039 4587 of
1071 4534 1160 4587 the
1202 4535 1361 4587 work.
1440 4534 1493 4586 It
1535 4533 1581 4587 is
1623 4541 1715 4586 not
1877 4534 1898 4567 ⁴
1931 4534 2252 4601 authenticis]
2295 4534 2609 4596 auctenticis,
2629 4532 2744 4585 MS.

709 4614 868 4666 found
888 4615 944 4664 in
964 4613 1025 4666 P.
1877 4613 1898 4645 ⁸
1931 4614 2200 4681 derivasse]
2240 4615 2496 4677 dirivasse,
2519 4613 2634 4666 MS.

778 4692 799 4725 ²
831 4691 1149 4761 abmonditoe]
1188 4694 1497 4757 abscondita,
1518 4692 1631 4747 MS.
1877 4692 1899 4725 ⁶
1933 4693 2079 4760 nihil]
2119 4694 2297 4756 nichil,
2320 4694 2433 4745 MS.

2380 4791 2626 4856 u4⁴—
