3519 5734
1164 877 1169 888 '
1267 913 1275 922 ·
1339 891 1533 943 ΑΒΜ
1576 891 1796 944 Annas
1843 894 2122 946 ramus,
2650 883 2782 956 147

686 1070 1019 1158 inquiunt,
1084 1077 1121 1109 “
1150 1075 1251 1138 est
1318 1076 1511 1160 porta
1572 1073 1880 1160 paradisi.
1998 1073 2192 1140 Hanc
2257 1075 2599 1142 introeunt
2663 1077 2780 1162 qui

690 1181 727 1210 “
771 1196 815 1239 a
874 1175 1065 1241 nobis
1126 1179 1487 1241 sumuntur
1548 1175 1623 1240 in
1667 1176 1922 1242 coelum.
2014 1176 2157 1242 Nec
2201 1181 2270 1244 te
2312 1178 2520 1244 latere
2565 1177 2778 1257 debet,

688 1283 723 1313 ‘⁶
771 1277 947 1362 quod
990 1277 1287 1364 quotidie
1330 1277 1543 1364 pascit
1584 1300 1704 1344 nos
1737 1279 2064 1344 Dominus
2109 1281 2307 1346 semel
2335 1281 2484 1347 cibo
2516 1281 2780 1362 coelesti.

686 1389 723 1416 “
769 1379 947 1460 Quid
1009 1385 1235 1446 autem
1296 1380 1498 1447 fuerit
1565 1381 1747 1447 cibus
1807 1381 1948 1463 ine„
1984 1404 2310 1470 quamque
2355 1383 2780 1462 delectabilia,

689 1489 725 1519 “
768 1483 1109 1549 nobiscum
1152 1484 1481 1570 gustando
1545 1483 1841 1550 senties.”
1930 1485 2197 1572 Vixque
2241 1509 2536 1552 sermone
2565 1487 2776 1566 finito,

685 1587 871 1672 quasi
933 1587 1199 1652 flamma
1258 1585 1433 1674 ignis
1508 1586 1589 1651 de
1664 1587 1828 1654 coelo
1893 1587 2248 1666 descendit,
2327 1611 2473 1676 quae
2561 1595 2774 1656 totam
2801 1598 2834 1649 f.
2863 1603 2942 1652 16.

683 1689 967 1776 patriam
1012 1690 1361 1777 cooperuit,
1409 1695 1477 1756 et
1541 1690 1729 1775 quasi
1793 1712 1912 1778 per
1967 1691 2186 1758 radios
2255 1691 2520 1758 divisim
2581 1715 2776 1780 super

683 1793 1092 1880 singulorum
1166 1793 1385 1880 capita
1459 1791 1871 1871 descendens,
1947 1794 2216 1861 tandem
2299 1795 2372 1860 in
2403 1794 2410 1798 ’
2445 1817 2554 1860 eos
2628 1801 2775 1862 tota

683 1895 981 1962 intravit
1075 1896 1205 1962 Sed
1269 1899 1336 1962 et
1402 1917 1603 1983 supra
1662 1895 1944 1962 militem
2011 1898 2188 1962 inter
2230 1897 2393 1964 alios
2437 1898 2773 1966 descendit

682 2004 751 2066 et
812 1999 1110 2065 intravit.
1220 1995 1421 2064 Unde
1493 2002 1755 2065 tantam
1831 1999 2240 2066 dulcedinem
2314 2000 2388 2065 in
2451 2001 2641 2068 corde
2703 2007 2774 2067 et

681 2121 944 2189 corpore
988 2102 1209 2183 sensit,
1255 2106 1335 2167 ut
1378 2124 1567 2189 paene
1624 2123 1764 2190 prae
1825 2103 2171 2168 nimietate
2233 2103 2594 2169 dulcedinis
2638 2127 2774 2170 non

681 2205 1099 2272 intellexerat
1141 2209 1369 2270 utrum
1412 2209 1713 2270 mortuus
1757 2227 1846 2271 an
1889 2205 2085 2272 vivus
2127 2205 2375 2272 fuisset.
2467 2207 2598 2274 Sed
2656 2207 2774 2273 illa

679 2309 843 2375 hora
908 2308 1041 2374 cito
1084 2308 1393 2374 transiit.
1486 2314 1521 2343 “
1539 2306 1731 2384 Hic,’'
1776 2308 2111 2394 inquiunt,
2177 2316 2210 2343 “
2229 2313 2329 2373 est
2391 2309 2575 2375 cibus
2640 2309 2769 2390 ille,

682 2421 714 2449 “
757 2412 935 2478 unde
996 2411 1214 2491 semel,
1259 2415 1338 2476 ut
1406 2410 1713 2488 diximus,
1762 2432 1804 2475 a
1862 2410 2006 2476 Deo
2075 2410 2370 2495 quotidie
2426 2411 2772 2499 pascimur.

685 2523 719 2552 “
766 2514 897 2596 Qui
960 2535 1117 2580 vero
1184 2536 1225 2578 a
1289 2513 1479 2579 nobis
1545 2513 1621 2577 in
1688 2513 1925 2578 coelum
1989 2517 2418 2578 assumuntur
2461 2513 2584 2579 hoc
2629 2514 2772 2580 cibo

680 2626 715 2658 “
760 2619 902 2684 sine
966 2618 1100 2683 fine
1128 2615 1605 2703 perfruuntur.
1695 2615 1828 2680 Sed
1897 2616 2227 2702 quoniam,
2272 2637 2358 2682 ex
2401 2621 2605 2704 parte,
2648 2639 2728 2682 ea
2751 2615 2770 2654 ¹

683 2727 719 2756 “
762 2719 995 2786 vidisti
1088 2741 1237 2805 quse
1309 2718 1533 2785 videre
1608 2717 2011 2799 desiderasti,
2099 2722 2359 2806 oportet
2433 2741 2608 2785 nunc
2695 2725 2776 2785 ut

682 2831 717 2862 “
762 2824 991 2890 redeas
1034 2845 1151 2911 per
1208 2821 1481 2889 eandem
1526 2821 1708 2888 viam
1754 2843 1886 2909 qua
1929 2821 2190 2888 venisti.
2283 2821 2394 2903 Et,
2439 2823 2496 2889 si
2539 2822 2776 2889 amodo

682 2936 717 2964 “
763 2926 979 2993 sobrie
1043 2931 1114 2992 et
1176 2930 1398 2991 sancte
1466 2925 1729 3002 vixeris,
1774 2946 1914 2991 non
1971 2925 2186 2991 solum
2231 2923 2314 2990 de
2376 2926 2509 2993 ista
2552 2928 2774 3013 requie

682 3040 715 3067 “
760 3030 875 3096 sed
936 3034 1006 3094 et
1070 3030 1150 3095 de
1215 3028 1527 3093 coelorum
1586 3028 1928 3095 mansione
1995 3049 2253 3095 securus
2312 3050 2450 3095 esse
2507 3032 2770 3116 poteris.

681 3140 717 3169 “
762 3133 837 3199 Si
895 3136 1119 3203 autem
1182 3132 1427 3196 iterum
1485 3130 1809 3198 illecebris
1869 3131 2083 3198 carnis
2137 3132 2354 3197 vitam
2398 3137 2585 3197 tuam
2629 3134 2772 3219 pol·-

684 3244 721 3273 “
764 3236 983 3313 lucris,
1028 3240 1153 3301 en!
1216 3234 1354 3321 ipse
1414 3233 1648 3299 vidisti
1693 3234 1854 3320 quid
1913 3234 2042 3299 tibi
2085 3238 2354 3300 maneat
2419 3234 2494 3299 in
2535 3236 2771 3321 poeniS.

680 3346 718 3376 “
765 3338 1045 3405 Securus
1089 3358 1243 3425 ergo
1287 3335 1531 3403 redeas,
1591 3336 1770 3402 Nam
1815 3336 2129 3424 quicquid
2157 3337 2290 3403 huc
2315 3337 2616 3403 venienti
2645 3338 2772 3405 tibi
2796 3345 2942 3413 They
2965 3346 3044 3398 di-

2795 3414 3107 3465 recthimto

684 3442 721 3479 ‘'‘
764 3441 1036 3507 terroris
1104 3443 1246 3505 erat
1286 3438 1420 3504 tibi
1466 3438 1773 3505 redeunti
1827 3440 2032 3505 etiam
2075 3460 2389 3527 apparere
2433 3440 2771 3527 pertimes-
2795 3487 2984 3534 retum.

684 3554 717 3582 “
763 3543 916 3610 cet.'’
1004 3542 1114 3607 Ad
1155 3541 1296 3607 haec
1344 3540 1544 3607 verba
1588 3541 1972 3628 pavefactus
2015 3542 2204 3608 miles
2247 3564 2488 3631 magno
2529 3549 2772 3610 terrore

682 3644 1107 3737 pontificibus
1170 3644 1371 3731 coepit
1438 3644 1820 3731 supplicare,
1887 3666 1972 3711 ne
2033 3667 2076 3711 a
2136 3650 2328 3711 tanta
2389 3645 2628 3712 laetitia
2683 3648 2772 3712 ad

683 3770 1009 3818 aerumnas
1026 3744 1054 3785 ⁹
1127 3745 1322 3833 hujus
1396 3746 1619 3813 saeculi
1705 3746 1920 3813 redire
2009 3754 2364 3835 cogeretur.
2504 3756 2539 3785 “
2557 3748 2772 3831 Non,''

682 3851 1015 3939 inquiunt,
1082 3858 1115 3885 “
1145 3853 1225 3915 ut
1289 3848 1581 3936 postulas
1640 3848 1824 3917 erit.'’
1911 3850 2201 3938 Accepta
2259 3873 2414 3940 ergo
2474 3852 2774 3919 benedic-

680 3955 884 4034 tione,
931 3951 1145 4018 tristis
1192 3950 1547 4017 admodum
1609 3953 1723 4018 sed
1791 3958 2018 4019 tamen
2059 3953 2458 4042 intrepidus,
2505 3976 2584 4021 ea
2642 3976 2786 4041 qua.

682 4062 956 4127 venerat
1030 4054 1390 4121 revertitur
1448 4054 1578 4133 via,
1646 4060 1717 4121 et
1785 4055 2004 4121 clausa
2070 4060 2172 4121 est
2227 4057 2448 4143 janua.
2561 4056 2771 4138 Quem
2796 4070 2883 4151 ΗΘ·
2899 4086 3066 4137 pasees

682 4163 1071 4231 redeuntem
1117 4157 1447 4225 daemones
1490 4156 1786 4245 undique
1816 4158 2256 4225 discurrentes
2283 4164 2527 4226 terrere
2555 4161 2773 4226 conati

2794 4139 3066 4203 umnjured

2793 4205 3015 4272 through

676 4268 879 4346 sunt3
945 4262 1060 4329 sed
1126 4260 1213 4326 ad
1280 4257 1422 4346 ejus
1489 4265 1844 4347 aspectum,
1889 4266 1970 4327 ut
2029 4260 2322 4342 aviculae,
2371 4262 2592 4329 territi
2655 4285 2774 4351 per
2794 4280 3104 4344 purgator„

682 4388 837 4434 aera
898 4364 1321 4452 diffugerunt.
1411 4362 1543 4431 Sed
1602 4385 1723 4430 nec
1768 4386 1919 4429 eum
1985 4368 2318 4430 tormenta
2380 4364 2616 4432 laedere
2658 4388 2773 4455 po-

686 4473 978 4537 tuerunt.
1069 4466 1366 4553 Cumque
1438 4466 1728 4534 venisset
1789 4466 1875 4533 ad
1948 4466 2333 4555 praedictam
2407 4467 2626 4535 aulam
2698 4470 2772 4535 in

753 4804 768 4835 ¹
805 4802 891 4871 ea]
929 4800 1063 4853 utin
1084 4798 1196 4853 Ms.
1716 4798 1728 4867 Ι
1839 4798 1860 4830 ²
1892 4799 2158 4867 oerumnas]
2196 4794 2494 4865 terumpm,
2514 4800 2628 4854 MS.

2366 4886 2504 4951 112
