3519 5734
329 2782 352 2827 l
379 2777 551 2829 Mach.
575 2778 612 2831 ἰ.

1179 843 1546 893 Pmmrrus
1589 842 1807 891 AsBAs
1850 840 2228 893 SECUNDUS.
2621 828 2747 891 205

657 1016 822 1083 hora
867 1039 999 1102 qua
1039 1018 1258 1084 missae
1300 1016 1710 1097 interfuerat,
1757 1016 2157 1083 willielmus
2198 1036 2323 1081 rex
2374 1012 2754 1081 Scottorum
2778 1020 3094 1073 A.D.11·72-

661 1120 776 1208 qui
845 1126 914 1186 et
978 1121 1118 1208 ipse
1177 1144 1326 1187 cum
1403 1122 1700 1187 exercitu
1774 1120 2011 1208 grandi
2073 1118 2759 1185 Northanhumbrales
2782 1092 2804 1137 ¹
2817 1091 2925 1138 ¹⁷⁴⁸

659 1222 914 1309 Anglos
978 1229 1244 1289 vastare
1305 1245 1648 1311 aggressus
1705 1227 1809 1289 est
1870 1228 1941 1288 et
2000 1222 2301 1309 praedari,
2346 1243 2389 1286 a
2430 1220 2759 1287 militibus

659 1325 1054 1412 quibusdam
1116 1327 1342 1413 paucis
1403 1326 1487 1392 de
1553 1327 1875 1393 comitatu
1937 1326 2339 1391 Eboracensi
2404 1324 2521 1412 qui
2581 1324 2763 1389 inter

656 1449 897 1514 paucos
939 1428 1082 1515 regi
1126 1429 1442 1495 favebant
1488 1430 1893 1516 interceptus
1924 1433 2042 1505 est,
2070 1433 2141 1495 et
2169 1434 2491 1515 tanquam
2536 1426 2761 1514 gladio

659 1552 794 1596 non
839 1535 1139 1597 extracto
1167 1554 1288 1599 nec
1315 1533 1588 1598 vulnere
1632 1532 1838 1611 illato,
1872 1533 1989 1598 sed
2035 1532 2221 1617 quasi
2248 1533 2391 1597 sine
2436 1552 2663 1617 pugna
2690 1535 2762 1596 et

659 1634 873 1722 plaga,
919 1640 1154 1722 captus
1221 1658 1375 1701 casu
1438 1631 1748 1702 fortuito'
1779 1635 1959 1722 apud
2002 1634 2337 1721 Alnewyk
2400 1634 2758 1700 dicebatur.

662 1736 894 1804 Comes
924 1739 1126 1805 etiam
1173 1739 1548 1807 Leicestriae
1594 1761 1742 1805 cum
1772 1739 2207 1805 multitudine
2251 1737 2763 1804 Flandrensium

658 1838 731 1903 in
775 1846 956 1906 terra
1002 1840 1232 1907 Sancti
1295 1841 1636 1906 Edmundi
1681 1841 2037 1929 applicans,
2083 1863 2126 1906 a
2176 1842 2411 1907 comite
2472 1840 2761 1927 Hugone

662 1940 919 2027 Bygott
965 1943 1422 2029 recipiebatur.
1518 1944 1668 2024 Qui,
1711 1950 2066 2031 postquam
2114 1944 2627 2031 Norwycensem
2672 1943 2762 2009 ci-
2787 1952 2823 2004 f.
2850 1958 2929 2003 26.

661 2042 943 2109 vitatem
990 2066 1140 2110 cum
1185 2045 1527 2130 adjacente
1571 2047 1839 2133 regione
1883 2045 2267 2132 depopulati
2310 2052 2483 2126 sunt,
2512 2052 2759 2111 terram

660 2144 789 2210 San
797 2147 888 2211 cti
949 2146 1287 2213 Edmundi
1347 2170 1496 2213 cum
1557 2148 1831 2213 abbatia
1875 2147 2251 2234 depraedare
2310 2148 2763 2235 disponebant.

662 2246 813 2327 Quo
856 2250 1312 2335 pervenientes
1365 2250 1805 2317 Flandrenses
1866 2251 2140 2337 quidam
2202 2252 2530 2338 perempti
2590 2257 2763 2317 smnt.

665 2350 896 2416 Comes
941 2374 1098 2417 vero
1145 2374 1294 2417 cum
1339 2354 1672 2419 comitissa
1701 2354 1881 2439 capti
1910 2354 1983 2417 in
2014 2374 2267 2418 carcere
2298 2354 2551 2418 diutius
2580 2361 2765 2419 tene—

662 2454 923 2519 bantur.
1044 2454 1176 2521 Sed
1236 2460 1306 2521 et
1379 2478 1594 2521 comes
1671 2455 1947 2521 Cestriae
2012 2456 2282 2520 interim
2358 2460 2587 2542 captus
2647 2462 2763 2521 est.

667 2554 988 2621 Videntes
1033 2560 1259 2621 autem
1322 2559 1439 2622 alii
1497 2564 1638 2622 tam
1699 2558 1923 2622 subito
1966 2578 2239 2622 manum
2282 2556 2555 2623 Domini
2600 2558 2765 2622 vali-

669 2657 822 2721 dam
883 2679 1032 2723 cum
1092 2680 1247 2746 rege
1291 2665 1695 2745 operantem,
1742 2660 2072 2725 siluerunt
2114 2660 2431 2741 universi,
2478 2666 2548 2726 et
2610 2682 2769 2746 pace

668 2760 902 2825 habita
943 2758 1130 2825 siluit
1175 2763 1386 2827 omnis
1430 2767 1608 2828 terra
1651 2763 1725 2828 in
1770 2766 2120 2849 conspectu
2166 2762 2319 2847 ejus.

670 3153 830 3220 OAP.
875 3151 1137 3218 XVIII.
1191 3151 1502 3234 Qualiter
1559 3149 1967 3218 willielmus
2028 3173 2147 3217 ‘rex
2198 3152 2437 3218 Sootiae
2500 3153 2766 3222 devenit

845 3254 1042 3320 homo
1105 3253 1318 3338 lcyius
1380 3251 1559 3339 ‘regis
1603 3251 1887 3337 Anylszoe
1910 3279 1935 3330 ‚·
1994 3252 2075 3318 de
2143 3259 2529 3320 testamento
2586 3255 2767 3341 φοράς

843 3355 1038 3443 apud
1125 3355 1466 3422 Waltlzam
1482 3381 1508 3432 ,-
1573 3361 1634 3420 et
1697 3353 2059 3422 concordia
2126 3355 2313 3422 inter
2372 3355 2613 3442 {pawn
2704 3363 2765 3424 ct

827 3457 1024 3544 fibios
1068 3480 1242 3526 suos,

755 3629 889 3695 Sed
934 3652 1083 3695 cum
1143 3653 1262 3696 rex
1304 3635 1576 3718 propter
1619 3653 1925 3718 guerram
1970 3653 2121 3716 quae
2164 3629 2234 3695 Ν
2236 3632 2595 3698 ormanniae
2639 3633 2762 3698 im·
2786 3646 2969 3713 Henry

667 3731 966 3797 minebat
1029 3737 1180 3819 post
1238 3734 1842 3820 peregrinationem
1901 3755 2087 3798 suam
2146 3734 2392 3821 absque
2452 3757 2637 3800 mora
2688 3737 2765 3800 in
2786 3715 2996 3832 {233⁸

665 3835 733 3898 N
737 3835 1152 3900 ormanniam
1225 3835 1588 3914 festinaret,
1667 3835 1918 3922 reperit
1994 3835 2338 3901 civitatem
2403 3836 2765 3903 Rothoma-

662 3959 931 4024 gensem
993 3937 1079 4002 ab
1149 3936 1440 4002 Henrico
1505 3959 1659 4025 rege
1723 3937 1866 4003 filio
1930 3959 2048 4003 suo
2116 3943 2186 4004 et
2247 3960 2399 4026 rege
2464 3939 2762 4006 Franciae

661 4041 995 4105 obsessam
1061 4038 1512 4127 undecunque.
1607 4039 1758 4118 Sed,
1812 4063 1853 4104 a
1897 4039 2064 4106 facie
2109 4041 2250 4128 ejus
2295 4043 2551 4108 cunctis
2594 4043 2765 4130 fugi-

661 4144 944 4220 entibus,
990 4142 1335 4209 civitatem
1379 4143 1467 4207 ab
1497 4141 1839 4208 obsidione
1870 4143 2197 4210 liberavit.
2262 4145 2514 4232 Captus
2542 4149 2764 4211 autem
2792 4151 3021 4218 william
3037 4152 3099 4233 οξ·

660 4250 741 4310 ut
808 4245 1055 4311 dicitur
1099 4243 1498 4310 Willielmus
1565 4267 1684 4311 rex
1749 4245 1991 4312 Scotiae
2060 4247 2146 4311 ad
2205 4267 2429 4334 regem
2473 4249 2547 4314 in
2591 4248 2765 4314 Nor-
2789 4218 3101 4352 ἓῗξέξζξίἶε

661 4349 998 4414 manniam
1045 4347 1324 4413 ducitur.
1390 4347 1628 4434 Ibique
1673 4348 1853 4436 apud
1883 4347 2223 4415 Walonias
2268 4351 2537 4417 devenit
2566 4351 2762 4417 homo
2788 4367 2950 4412 coner,
2969 4355 3069 4403 and

660 4449 872 4536 legius
939 4449 1104 4516 dicti
1151 4449 1430 4515 Henrici
1499 4450 1672 4538 regis
1731 4450 1945 4538 patris
2005 4473 2127 4538 pro
2186 4458 2365 4519 terra
2408 4454 2490 4520 de
2540 4453 2764 4521 Scotia
2786 4431 3019 4550 ἷζῗζηιο

663 4557 733 4617 et
798 4574 916 4638 pro
981 4552 1290 4618 omnibus
1349 4553 1545 4619 terris
1609 4553 1764 4632 suiS,
1833 4559 1901 4619 et
1962 4555 2352 4621 fidelitatem
2427 4557 2490 4624 ei
2562 4553 2991 4639 fecit3H0111'Y·

661 4675 1016 4741 omnesque
1076 4655 1382 4743 episcopi,
1431 4655 1705 4721 abbates
1771 4660 1840 4721 et
1886 4656 2111 4737 clerus,
2166 4663 2361 4724 terrae
2407 4657 2649 4725 Scotiae
2695 4664 2764 4726 et

663 4760 1058 4824 successores
1121 4759 1226 4824 sui
1293 4757 1594 4824 facerent
1649 4757 1791 4846 regi
1844 4757 2109 4846 Angliae
2152 4758 2543 4828 fidelitatem
2590 4762 2764 4828 sicut
