3519 5734
271 978 334 1029 B.
356 977 580 1043 HIgden,

267 1046 367 1096 ool.
391 1050 535 1096 2394.

287 3520 352 3570 R.
375 3521 597 3586 Higden,

283 3587 386 3638 col.
412 3593 558 3639 2399.

1207 802 1488 851 monas
1531 800 1750 849 AsBAs
1795 800 2103 850 TERTIUS.
2568 787 2695 853 2:39

603 976 744 1061 ejus
787 976 1036 1040 ibidem
1081 974 1362 1038 obiebab.
1456 978 1628 1035 Circa
1661 980 1773 1035 hoc
1790 979 1806 1011 ¹
1834 986 2065 1052 tempus
2082 981 2105 1015 ²
2142 980 2341 1036 floruit
2363 980 2541 1036 abbas
2565 980 2606 1034 J
2606 998 2701 1035 oa-
2724 980 2863 1032 ΑΒ.
2891 984 3039 1043 1187,

603 1088 762 1145 ohim
795 1087 861 1141 in
909 1052 1198 1151 Calabria,
1253 1085 1355 1157 qui
1392 1073 1610 1159 plures
1645 1081 1828 1137 libros
1865 1101 2043 1154 super
2086 1082 2487 1155 Apocalipsim
2528 1086 2589 1137 et
2628 1081 2701 1135 de
2727 1052 2991 1183 3135?th
2990 1138 3016 1182 t

605 1181 879 1237 oneribus
914 1178 1330 1249 prophetarum
1370 1176 1733 1245 conscripsit.
1780 1214 1793 1228 .
1837 1214 1853 1228 .
1928 1175 2067 1239 Hic,
2107 1174 2421 1230 Frederico
2456 1174 2703 1245 impera-
2728 1197 2983 1251 ‘joachim-

605 1274 722 1330 tori
759 1278 820 1328 et
853 1284 1072 1328 secum
1115 1258 1708 1355 peregrinantibus,
1753 1259 2245 1344 requirentibus
2306 1258 2391 1323 ab
2436 1258 2577 1343 ipso
2623 1257 2705 1322 de

606 1360 1047 1452 expeditione
1089 1361 1637 1449 peregrinationis
1702 1381 1841 1425 suae
1902 1362 1976 1423 in
2043 1360 2311 1425 Terram
2374 1360 2704 1439 Sanctam,

606 1467 880 1538 praedixit
933 1466 1088 1537 quod
1134 1482 1344 1536 parum
1402 1462 1625 1517 ibidem
1682 1462 2052 1532 proficerent,
2110 1480 2179 1517 eo
2233 1462 2391 1534 quod
2446 1461 2705 1516 nondum

605 1557 839 1622 tempus
877 1548 1240 1604 liberationis
1276 1547 1629 1603 advenisset.
1705 1546 1923 1600 Fertur
1947 1548 2125 1601 etiam
2161 1547 2235 1601 de
2270 1547 2399 1617 ipso
2437 1545 2474 1600 J
2478 1546 2705 1601 oachim

611 1636 768 1705 quod
819 1634 988 1704 quasi
1045 1631 1387 1703 prophetice
1443 1629 1726 1700 effigiavit
1774 1646 1987 1694 mores,
2046 1636 2210 1684 actus
2264 1635 2326 1685 et
2374 1646 2701 1693 numerum,

608 1719 870 1774 omnium
905 1717 1167 1772 virorum
1204 1714 1654 1785 apostolicorum
1704 1712 1808 1783 qui
1860 1712 2046 1767 futuri
2096 1713 2287 1768 forent
2338 1714 2401 1767 in
2436 1713 2701 1767 ecclesia.

611 1802 758 1873 Ejus
812 1806 1009 1855 tamen
1069 1798 1263 1870 opinio
1318 1815 1497 1868 quam
1516 1795 1538 1827 ³
1592 1801 1797 1850 contra
1854 1795 2213 1866 Magistrum
2270 1796 2705 1851 Sententiarum

611 1894 930 1965 scripserat
947 1893 967 1923 ⁴
1005 1889 1368 1961 reprobatur.
1470 1879 1750 1965 Ipsoque
1795 1900 1972 1943 anno
2032 1902 2164 1965 quo
2206 1880 2421 1945 dictus
2468 1880 2705 1945 Frede-
2728 1887 2975 1939 Fruitlea

611 1988 784 2051 ricus
844 1984 1114 2049 Terram
1190 1982 1502 2047 Sanctam
1563 1982 1748 2057 adiit,
1810 1981 2151 2067 Philippus
2210 2004 2329 2047 rex
2389 1982 2444 2047 F
2446 1982 2704 2062 ranciae,
2730 1970 2960 2087 {33:¹1}

614 2088 944 2153 Hem-icus
1003 2106 1125 2151 rex
1183 2084 1446 2171 Angliae
1507 2088 1575 2149 et
1637 2084 1958 2148 Ricardus
2028 2084 2207 2149 filius
2270 2085 2426 2169 ejus,
2494 2106 2708 2151 comes
2732 2087 3040 2154 kingPhilip

615 2188 1035 2264 Pictavensis,
1081 2186 1220 2251 dux
1281 2186 1700 2272 Burgundios,
1747 2185 2020 2249 comites
2066 2186 2508 2265 Flan'dsensis,
2558 2186 2707 2251 Ble-
2732 2168 2803 2269 ¹1²}
2801 2154 2941 2269 dags
2942 2172 3041 2221 ’Π

612 2292 836 2369 sensis,
904 2290 1288 2369 Trescensis,
1359 2287 1734 2353 Laicestriae
1780 2292 1853 2351 et
1918 2287 1999 2351 de
2066 2287 2402 2367 FerrariiS,
2463 2294 2532 2352 et
2593 2288 2709 2353 alii
2732 2286 2877 2363 oti-mr

613 2394 957 2479 principes,
1004 2393 1274 2457 comites
1317 2396 1390 2455 et
1431 2390 1725 2465 baroneS,
1769 2410 2022 2453 necnon
2066 2395 2137 2453 et
2194 2390 2711 2477 archiepiscopus
2733 2355 3042 2471 Ξῖξξξίᾱξῗτ

613 2494 1000 2572 Trescensis,
1045 2492 1441 2557 Willielmus
1485 2491 2005 2576 archiepiscopus
2050 2491 2599 2577 Rothomagensis
2642 2498 2711 2557 et

618 2597 1042 2661 Baldewinus
1113 2593 1634 2679 archiepiscopus
1709 2592 2225 2669 cantuariensis,
2304 2594 2716 2680 episcopique

621 2699 1036 2765 Beluacensis
1097 2702 1165 2761 et
1241 2696 1585 2761 Hubertus
1665 2694 2165 2771 SaxisbiriensiS‚
2226 2702 2295 2761 et
2360 2696 2476 2760 alii
2522 2718 2723 2781 quam

619 2804 838 2890 plures
905 2800 1156 2865 nobiles
1231 2805 1299 2863 et
1377 2798 1712 2886 ignobileS,
1802 2804 1941 2863 tam
2004 2798 2220 2863 clerici
2282 2822 2478 2886 quam
2552 2800 2720 2879 laici,

617 2907 880 2991 signum
940 2902 1146 2968 crucis
1204 2903 1277 2966 in
1349 2902 1646 2967 vestibus
1720 2901 2069 2988 sumpturi,
2133 2901 2581 2968 Ierosolimam
2648 2925 2720 2968 se

619 3009 992 3092 praeparant
1036 3003 1370 3090 proficisci.
1485 3003 1578 3068 Et
1627 3025 1778 3068 cum
1820 3004 1949 3088 ipsi
2018 3004 2149 3068 duo
2195 3026 2377 3090 reges
2423 3005 2719 3070 Franciae

621 3114 691 3174 et
773 3107 1038 3192 Angliae
1094 3107 1536 3193 possessiones
1596 3111 1738 3170 tam
1814 3105 2194 3170 clericorum
2262 3129 2460 3191 quam
2519 3106 2722 3172 laico-

620 3233 785 3291 rum,
847 3211 1146 3292 redditus
1224 3208 1689 3274 ecclesiasticos
1749 3214 1822 3273 et
1878 3209 2227 3294 pecuniam
2286 3208 2716 3294 singulorum,

620 3313 916 3379 violenta
959 3333 1160 3376 manu
1203 3310 1634 3376 decimassent
1677 3311 1764 3374 ad
1808 3310 2284 3375 conficiendum
2350 3310 2482 3375 iter
2523 3331 2719 3376 suum

628 3405 1242 3490 Ierosolimitanum,
1311 3413 1499 3498 justo
1574 3412 1701 3476 Dei
1767 3411 2040 3496 judicio,
2117 3413 2233 3497 qui
2308 3412 2457 3477 odio
2516 3412 2721 3478 habet

619 3519 920 3604 rapinam
965 3518 1038 3581 in
1081 3517 1548 3593 holocaustum,
1596 3519 1743 3580 orta
1772 3519 1875 3579 est
1904 3535 2147 3600 magna
2187 3513 2501 3580 dissensio
2542 3515 2723 3582 inter

621 3621 834 3686 dictos
862 3620 1025 3685 duos
1065 3639 1248 3704 reges
1291 3623 1360 3683 et
1401 3617 1742 3704 principes.
1836 3616 2038 3682 Unde
2094 3612 2243 3682 tota
2284 3617 2401 3682 illa
2444 3619 2723 3704 pecunia

625 3722 951 3787 violenter
1013 3721 1284 3786 collecta
1347 3721 1421 3784 in
1486 3719 1823 3784 donativis
1884 3719 2177 3783 militum
2236 3725 2305 3784 et
2367 3721 2721 3806 stipendiis

622 3823 947 3890 exercitus
1021 3822 1283 3907 penitus
1340 3826 1442 3885 est
1513 3826 1917 3907 consumpta.
2040 3820 2217 3884 Nam
2292 3825 2720 3907 utrorumque

621 3926 968 4001 exercitus,
1013 3922 1100 3987 ad
1141 3943 1435 4008 pugnam
1503 3943 1620 4008 per
1662 3923 1838 3987 vices
1885 3926 1925 3986 4
1972 3929 2299 4002 evocatus,
2358 3923 2717 3989 maximam
2813 3969 2827 3990 .

619 4035 908 4116 stragem
954 4024 1296 4090 hominum
1342 4024 1991 4110 depraedationesque
2046 4025 2449 4102 animalium,
2496 4026 2719 4090 incen-

621 4132 732 4196 dia
795 4127 1356 4212 desolationesque
1421 4126 1849 4204 ecclesiarum,
1919 4128 2204 4204 urbium,
2281 4127 2605 4205 villarum,
2649 4133 2719 4193 et

621 4232 1074 4298 subversiones
1118 4228 1546 4306 castellorum,
1592 4235 1897 4316 operatus
1942 4220 2079 4296 estJ

689 4508 704 4536 ¹
739 4503 852 4570 Ιιοσ]
892 4505 1040 4565 hunc,
1063 4503 1179 4553 MS.
1785 4505 1803 4533 ⁸
1835 4503 2005 4568 quam]
2046 4518 2191 4566 quem
2212 4503 2267 4552 in
2291 4502 2403 4554 MS.

689 4587 710 4615 ²
741 4583 948 4650 tempus]
986 4598 1190 4641 annum,
1213 4579 1276 4632 R.
1300 4581 1366 4632 H.
1786 4583 1803 4612 ⁴
1838 4581 2128 4647 scripserat]
2168 4582 2449 4645 scribentis,
2471 4583 2533 4633 R.
2559 4583 2629 4633 H.
