3519 5734
403 1809 437 1858 f.
472 1809 547 1856 17.

408 1910 655 1960 Account

410 1977 471 2026 of
483 1977 569 2028 the

410 2059 638 2106 emperor

408 2111 589 2174 Hem-y
603 2109 699 2160 IV.
704 2147 718 2172 ,

410 2176 671 2226 Matilda’s

409 2242 521 2292 first
543 2243 662 2293 hus-

410 2309 561 2361 band.

408 3026 583 3076 Stated
606 3034 658 3076 to

404 3092 535 3143 have
557 3093 675 3144 died

405 3175 437 3207 a
457 3159 644 3211 hermit
658 3162 713 3211 in

404 3226 657 3292 England.

404 3676 605 3729 Similar

404 3752 543 3823 story
565 3748 625 3797 of

402 3812 596 3930 lItImaxgoffl
618 3882 679 3931 of

402 3944 538 4011 Engl
546 3950 657 3998 and.

744 829 869 892 152
1400 837 1597 888 mm
1642 835 1861 887 ABBAs
1905 836 2180 888 ramus

746 1209 902 1276 CAP.
965 1205 1281 1274 XXXVI.
1352 1205 1453 1273 De
1518 1205 1943 1294 copulatione
2006 1202 2332 1271 Matildz's
2377 1200 2837 1290 imperatricis

922 1309 1159 1377 comiti
1202 1309 1622 1395 Andeyaviae
1640 1335 1669 1390 ,·
1716 1308 1799 1375 de
1827 1309 1908 1374 H
1903 1307 2130 1374 enrico
2169 1305 2570 1393 imperatore
2601 1303 2836 1392 primo

918 1412 1169 1480 mrito
1230 1435 1351 1479 suo
1374 1437 1401 1493 ;
1447 1419 1507 1478 et
1554 1411 1637 1478 de
1682 1413 1762 1478 H
1758 1410 2002 1478 araldo
2047 1431 2194 1496 φερε
2245 1407 2595 1496 quondam
2640 1407 2839 1494 reyni

923 1515 1204 1601 Anylioe
1262 1515 1576 1582 invasore
1597 1540 1626 1596 ‚·
1680 1522 1740 1582 et
1796 1512 2160 1604 prophetico
2203 1511 2448 1581 Sancti
2491 1509 2840 1578 Bemmrdi

921 1619 1000 1686 de
1044 1619 1123 1684 H
1119 1618 1346 1686 enrico
1391 1640 1551 1706 reye.

838 1797 1137 1864 Matildis
1205 1805 1427 1865 autem
1496 1805 1708 1866 mater
1767 1799 1964 1886 hujus
2039 1797 2316 1864 Henrici
2378 1796 2568 1886 regie,
2622 1795 2838 1862 adhuc
2863 1809 2978 1863 Gir.
2995 1809 3170 1863 Camb.

744 1901 959 1988 priore
1002 1900 1261 1980 marit0,
1309 1902 1701 1989 imperatore
1745 1903 1993 1968 scilicet
2025 1901 2313 1968 Henrico
2360 1903 2420 1979 4,
2465 1900 2839 1967 heremitice
2862 1894 2911 1944 P·
2942 1883 3054 1930 ¹⁵³·

744 2005 1219 2092 peregrinante,
1297 2006 1527 2092 nupsit
1602 2007 1814 2085 alteri,
1891 2005 2142 2070 scilicet
2207 2002 2523 2081 Galfrido,
2612 2002 2841 2068 comiti

744 2107 1197 2193 Andegaviae3
1267 2109 1348 2174 de
1393 2110 1632 2195 quibus
1691 2109 1830 2196 ipse
1875 2130 1992 2173 rex
2055 2107 2384 2173 Henricus
2433 2105 2838 2194 procedebat.

746 2210 877 2275 Hic
955 2209 1284 2276 Hemicus
1360 2212 1717 2297 imperator
1787 2214 1847 2291 4,
1913 2214 2058 2276 orto
2128 2209 2414 2295 quodam
2489 2207 2840 2274 execrabili

743 2313 1017 2379 discidio
1062 2313 1239 2378 inter
1282 2313 1499 2400 ipsum
1545 2320 1614 2380 et
1644 2313 2008 2378 Henrioum
2039 2314 2314 2379 tertium
2359 2305 2838 2399 imperatorem,

741 2421 998 2504 patrem
1042 2438 1253 2496 suum,
1308 2425 1371 2480 in
1406 2425 1657 2480 vinculis
1725 2417 2035 2482 carcereis
2109 2416 2325 2504 ipsum
2384 2429 2611 2497 patrem
2666 2439 2840 2478 suum
2863 2423 2928 2476 R.
2951 2425 3174 2490 Higden,

743 2518 1007 2590 conjecit,
1049 2519 1263 2590 quibus
1300 2525 1362 2573 et
1396 2515 1557 2574 obiit.
1634 2517 1973 2592 Papamque
2020 2518 2325 2575 Pascalem
2361 2536 2496 2574 cum
2533 2515 2840 2573 cardinali-
2865 2492 2962 2542 001·
2989 2496 3136 2546 ²³⁷⁷·

741 2613 852 2668 bus
905 2602 1356 2668 fraudulenter
1406 2611 1561 2684 cepit
1621 2619 1681 2668 et
1738 2613 2146 2669 incarceravit.
2222 2611 2351 2680 Qua
2403 2609 2476 2665 de
2527 2627 2719 2674 causa,
2775 2613 2841 2662 ut

743 2713 1023 2780 creditur,
1052 2715 1273 2770 carnali
1310 2712 1591 2786 progenie
1616 2713 1825 2780 caruit,
1855 2713 2121 2786 quamvis
2156 2703 2498 2792 praefatam
2533 2709 2840 2766 Matildem

746 2855 758 2869 .
801 2854 818 2871 .
857 2855 871 2873 .
912 2816 974 2871 in
1032 2833 1275 2873 uxorem
1325 2814 1603 2873 duxisset.
1678 2807 1812 2875 Sed
1860 2815 2097 2874 tandem
2145 2815 2220 2872 ad
2269 2833 2370 2872 cor
2422 2813 2653 2870 rediens
2699 2809 2840 2883 jura
2861 2816 3074 2879 Ibidem,

740 2908 1005 2965 ecclesiae
1043 2908 1272 2964 Calixto
1307 2926 1473 2979 papae
1509 2909 1695 2965 libere
1718 2909 2048 2981 resignavit
2070 2915 2131 2966 et
2151 2910 2454 2981 ultroneus
2478 2906 2612 2962 exul
2648 2905 2837 2961 factus
2861 2886 2957 2936 ⁰⁰¹·
2981 2890 3128 2937 2382.

740 3006 848 3056 est.
921 3000 1183 3057 Dimissa
1216 3013 1370 3079 ergo
1428 3002 1581 3059 clam
1626 3005 1874 3075 praefata
1939 3002 2186 3059 Matilda
2251 3020 2432 3059 uxore
2482 3018 2606 3065 sua,
2669 2998 2836 3053 here·

739 3100 1001 3157 miticam
1034 3102 1221 3159 vitam
1257 3102 1412 3174 apud
1450 3102 1739 3160 cestriam
1775 3094 2040 3183 Angliae
2087 3121 2193 3175 per
2244 3101 2589 3159 decennium
2647 3098 2834 3165 duxit,

737 3192 961 3280 ibique
1006 3192 1287 3261 obiebat.
1378 3202 1515 3269 Ubi,
1553 3223 1627 3261 ne
1664 3206 1806 3262 dum
1840 3208 2070 3263 viveret
2109 3206 2386 3277 cuiquam
2431 3204 2833 3265 innotesceret,

741 3302 1195 3363 Goddescallare
1234 3324 1296 3363 se
1320 3304 1571 3371 vocavit,
1600 3306 1757 3377 quod
1795 3314 1978 3374 sonat,
2009 3310 2047 3336 “
2069 3326 2105 3362 a
2139 3306 2265 3362 Deo
2287 3302 2618 3361 vocatum.'’
2670 3291 2838 3359 ¹Sed

739 3408 1059 3464 secundum
1116 3399 1438 3465 fictiorem
1513 3398 1890 3485 opinionem
1951 3408 2316 3482 quorundam
2333 3408 2354 3439 ²
2414 3407 2678 3478 sepultus
2747 3411 2840 3461 est

738 3500 895 3572 apud
944 3500 1178 3572 Spiram
1226 3502 1588 3557 Alemanniae
1642 3520 1778 3557 cum
1831 3502 2304 3575 progenitoribus
2358 3500 2504 3566 suis,
2542 3518 2680 3555 cum
2731 3497 2839 3553 tali

740 3586 1068 3657 epitaphio:
1131 3588 1171 3613 “
1197 3586 1387 3641 Filius
1446 3585 1561 3653 hic,
1618 3594 1786 3659 pater
1837 3588 1953 3653 hic,
2011 3606 2155 3645 avus
2211 3586 2326 3652 hic,
2382 3602 2635 3657 proavus
2678 3582 2840 3654 jacet

744 3680 782 3704 ‘⁶
820 3677 1017 3733 istic.”
1140 3671 1250 3736 Sic
1316 3670 1688 3736 Haraldum
1763 3672 1949 3761 regni
2013 3670 2277 3757 Angliae
2335 3671 2705 3736 invasorem
2764 3667 2838 3732 in

740 3769 1036 3836 adventu
1097 3773 1165 3838 N
1167 3796 1631 3839 ormannorum
1706 3797 1826 3861 per
1900 3774 2332 3840 willielmum
2397 3796 2618 3861 regem
2686 3795 2836 3839 con-

741 3878 1137 3958 quaestorem
1166 3876 1432 3964 Angliae
1476 3878 1550 3943 in
1593 3876 1765 3943 bello
1797 3878 1974 3965 apud
2023 3877 2448 3965 Hastyngam
2478 3876 2835 3954 devictum,

735 3976 831 4041 hii
860 3976 977 4063 qui
1008 3968 1254 4045 bellum
1284 3985 1443 4047 tunc
1472 3978 1721 4046 factum
1749 3986 2044 4047 recenter
2073 3979 2556 4067 descripserunt
2585 3978 2834 4046 ibidem

735 4080 1017 4147 occisum
1094 4083 1311 4163 fuisse,
1384 4088 1455 4149 et
1528 4082 1708 4171 apud
1768 4083 2106 4150 Waltham
2165 4084 2238 4148 in
2303 4082 2570 4148 ecclesia
2633 4104 2834 4169 quam

732 4182 871 4270 ipse
935 4190 1392 4253 construxerat
1478 4186 1676 4253 fuisse
1749 4187 2178 4278 tumulatum.
2287 4186 2543 4251 Posteri
2609 4192 2834 4251 tamen

734 4288 1082 4376 scriptores
1124 4288 1341 4376 ipsum
1386 4288 1758 4356 Hamldum
1803 4295 1956 4378 post
1998 4290 2213 4379 ipsum
2273 4290 2520 4356 bellum
2580 4288 2832 4356 diutius

730 4390 973 4457 vixisse
1018 4394 1351 4459 memoriae
1396 4392 1988 4460 commendabant.⁸
2071 4392 2275 4479 Cujus
2321 4392 2601 4459 Haraldi
2629 4394 2833 4460 fmter

740 4538 870 4547 -—

1452 4542 1684 4549 ————

798 4606 812 4635 ¹
849 4604 975 4656 This
1013 4612 1245 4658 sentence
1289 4606 1382 4658 has
1414 4608 1541 4659 been
1575 4614 1734 4659 trans*
1903 4610 1922 4637 ⁸
1955 4607 2009 4657 A
2049 4608 2322 4673 legendary
2354 4607 2610 4659 narrative
2645 4606 2708 4657 of
2731 4604 2833 4657 this

726 4686 894 4751 posed.
1837 4686 2097 4738 character
2121 4688 2168 4737 is
2205 4694 2380 4739 extant
2401 4688 2456 4737 in
2481 4687 2567 4739 the
2589 4686 2831 4741 Harleian

803 4765 824 4795 ²
854 4764 1179 4833 quorundam]
1219 4766 1476 4834 quosdam,
1498 4767 1561 4823 R.
1583 4768 1651 4821 Η.
1837 4767 1970 4831 MS„
1995 4770 2142 4831 3776,
2166 4767 2203 4821 f.
2233 4774 2274 4821 1.
