3519 5734
1141 867 1512 917 Pmmrrus
1553 866 1775 917 ABBAS
1820 868 2195 919 SECUNDUS.
2588 855 2709 917 181

621 1060 779 1105 num
826 1062 1018 1105 suum
1077 1039 1160 1106 de
1227 1062 1356 1126 quo
1424 1040 1693 1106 tenebat
1735 1064 2011 1129 regnum
2057 1064 2267 1122 suum,
2313 1043 2708 1131 recognovit.
2737 1047 2876 1100 ΑΒ.
2904 1056 3029 1101 1159

619 1142 1066 1229 Thomamque
1131 1142 1684 1229 archiepiscopum
1753 1142 2129 1210 Cantuariae
2190 1144 2363 1210 idem
2409 1168 2580 1232 papa
2638 1144 2708 1208 in
2734 1121 2919 1247 ’ἕξεί

617 1246 820 1310 exilio
865 1245 1051 1311 fovit.
1144 1244 1348 1331 Cujus
1391 1250 1686 1332 tempore
1714 1245 2079 1312 maximum
2106 1247 2430 1311 schisma¹
2484 1247 2712 1313 Romae
2736 1270 2850 1325 port
2870 1212 2973 1313 otp-

617 1348 763 1424 fuit,
806 1353 874 1413 et
919 1347 1160 1433 ejectus
1205 1355 1306 1413 est
1349 1353 1708 1415 conventus
1757 1350 1983 1415 Sancti
2027 1350 2379 1427 Anastasii,
2430 1371 2505 1414 00
2538 1350 2714 1435 quod
2738 1328 2943 1458 {eckg

619 1450 822 1515 abbas
870 1450 1099 1516 Sancti
1146 1451 1338 1517 Pauli
1382 1451 1664 1517 eundem
1692 1454 1909 1517 locum
1940 1474 2055 1538 per
2082 1474 2304 1539 regem
2348 1452 2712 1518 schismati·
2739 1482 2792 1523 at
2812 1424 3003 1527 1100Ᾰέ

617 1574 770 1619 011111
811 1553 1205 1619 vendicavit.
1300 1552 1432 1633 Qui
1491 1554 1676 1619 locus
1735 1577 1854 1641 per
1919 1554 2196 1619 eundem
2256 1554 2713 1619 Alexandrum

620 1678 858 1742 papam
903 1660 1052 1741 post
1113 1655 1396 1721 schisma
1456 1657 1723 1721 finitum
1792 1657 2125 1722 monachis
2192 1664 2291 1723 cst
2348 1658 2712 1722 restitutus.

623 1759 865 1823 Fertur
923 1763 1149 1823 autem
1210 1758 1403 1843 quod,
1451 1758 1630 1823 infra
1685 1759 1881 1845 hujus
1950 1760 2322 1825 schismatis
2390 1766 2709 1847 tempora,

622 1860 1012 1926 Theutonici
1057 1860 1170 1947 qui
1216 1862 1393 1948 apud
1439 1861 1883 1927 Tusculanum
1913 1884 2029 1949 pro
2059 1863 2451 1948 imperatore
2500 1884 2708 1927 mora·
2737 1884 3008 1953 Slaughter

621 1964 870 2029 bantur
915 1963 1246 2029 Romanos
1305 1964 1483 2050 apud
1554 1964 1855 2030 Montem
1902 1964 2175 2031 Fortem
2238 1964 2591 2043 invadunt,
2640 1970 2709 2031 et
2734 1953 2893 2069 (ἔθη

619 2071 769 2135 tota
811 2090 854 2132 a
881 2088 1059 2131 nona
1101 2088 1308 2153 usque
1338 2067 1428 2132 ad.
1455 2088 1794 2154 vesperam
1826 2067 2222 2145 occiderunt,
2257 2071 2337 2132 ut
2366 2089 2709 2153 nunquam
2736 2036 2963 2138 11ιῖῗέ
2974 2022 3043 2087 by

620 2191 707 2234 ex
753 2170 1067 2235 Romanis
1111 2175 1216 2234 tot
1259 2169 1470 2234 millia
1512 2169 1648 2235 sint
1693 2171 1917 2249 occisa,
1961 2170 2115 2236 11001,
2158 2176 2451 2255 tempore
2496 2168 2714 2234 Hani-
2737 2169 2896 2205 mans.

619 2272 812 2337 hallis
858 2275 964 2337 tot
1010 2272 1201 2337 occisi
1246 2277 1409 2337 sunt
1450 2276 1530 2337 ut
1599 2277 1734 2337 tres
1780 2272 2089 2360 cophinos
2135 2274 2502 2353 anulorum,
2550 2294 2713 2357 quos

621 2374 702 2439 de
747 2375 976 2461 digitis
1022 2396 1362 2461 procerum
1429 2375 1787 2441 occisorum
1849 2375 2025 2439 idem
2092 2373 2389 2440 Hanibal
2454 2374 2717 2439 extrahi

616 2477 790 2556 fecit,
836 2477 1303 2565 Carthaginem
1365 2478 1810 2543 destinaverit.
1919 2477 2213 2557 Quorum
2286 2476 2479 2541 multi
2540 2475 2717 2562 apud
2754 2533 2763 2541 .

621 2578 936 2647 Sanctum
995 2578 1404 2667 Stephanum
1466 2584 1536 2645 et
1600 2579 1917 2645 Sanctum
1984 2577 2412 2643 Laurentium
2478 2577 2719 2665 sepulti

620 2688 793 2760 sunt,
827 2688 895 2747 et
938 2682 1185 2747 habent
1227 2682 1350 2748 hoc
1393 2682 1820 2770 epitaphium,
1853 2691 1887 2717 “
1910 2682 2095 2747 Mille
2124 2682 2346 2747 decem
2389 2680 2603 2746 decies
2647 2684 2715 2745 et

623 2791 660 2819 “
705 2806 822 2849 sex
865 2783 1076 2849 decies
1120 2806 1378 2873 quoque
1423 2784 1620 2851 seni.''
1710 2785 1872 2850 Post
1918 2786 2005 2849 20
2050 2788 2275 2849 autem
2319 2805 2542 2861 annoe,
2590 2782 2713 2849 sub
2740 2786 2964 2865 Ean-th·-

623 2886 913 2972 ejusdem
956 2908 1144 2974 papae
1188 2888 1612 2974 temporibuS,
1659 2893 1853 2954 terrae
1912 2892 2133 2953 motus
2178 2887 2401 2975 magni
2445 2887 2714 2952 fuerunt
2738 2853 2928 2986 ff?
2948 2870 3004 2904 ¹¹²

527 3052 540 3066 ,
621 3013 738 3076 per
778 2990 936 3069 loca,
980 3011 1097 3076 per
1153 2990 1467 3078 Angliam
1532 2990 1843 3056 videlicet
1888 2996 1956 3056 et
2000 2989 2143 3054 Nor
2153 2990 2425 3077 wagiam
2472 2995 2541 3054 01,
2584 2990 2716 3054 alia
2740 2987 3005 3039 countries.

620 3093 762 3159 loca
790 3093 1164 3179 longinqua.
1227 3092 1337 3158 Ita
1364 3093 1540 3178 quod
1571 3093 1809 3158 civitas
1838 3092 2260 3158 Antiochena
2287 3114 2437 3157 cum
2467 3091 2717 3179 Tripoli

622 3196 873 3274 cecidit,
915 3202 1114 3282 atque
1160 3195 1522 3260 Damascus
1567 3217 1716 3260 cum
1759 3195 1989 3260 multis
2032 3195 2178 3258 aliis
2223 3194 2557 3259 submersa
2602 3199 2717 3258 est.

621 3300 804 3364 Tunc
847 3321 1102 3385 quoque
1151 3297 1584 3364 Cathenensis
1605 3297 1630 3333 ²
1662 3297 1901 3363 civitas
1943 3297 2207 3384 penitus
2250 3317 2477 3362 eversa
2520 3300 2621 3360 est
2651 3299 2720 3360 et

620 3403 968 3488 plusquam
1038 3403 1123 3466 20
1186 3399 1397 3464 millia
1456 3400 1799 3464 hominum
1858 3399 2107 3465 mortui
2167 3403 2371 3476 sunt;
2413 3419 2720 3482 mareque

621 3504 1073 3589 retrogradum
1103 3524 1366 3569 versum
1397 3507 1518 3581 est,
1551 3507 1620 3567 et
1651 3505 1688 3565 5
1721 3501 1932 3566 millia
1960 3500 2299 3565 hominum
2342 3499 2417 3563 in
2461 3499 2720 3564 Scicilia

622 3604 942 3671 submersi
985 3605 1232 3671 mortui
1275 3609 1449 3670 sunt,
1541 3605 1690 3670 Hoc
1735 3604 1937 3669 etiam
1974 3609 2267 3690 tempore
2322 3609 2715 3680 euroauster,
2745 3611 3021 3664 Overflow-

613 3707 738 3792 ,qui
783 3707 1036 3772 medius
1103 3712 1202 3772 est
1269 3707 1445 3772 inter
1510 3705 1851 3772 meridiem
1913 3710 1982 3770 et
2050 3704 2465 3780 occidentem,
2527 3709 2719 3770 tanta
2742 3679 2917 3798 {ffie‘ff
2930 3679 3015 3732 the

622 3808 940 3875 violentia
967 3808 1162 3874 flavit
1191 3809 1367 3895 quod
1395 3808 1687 3886 Albium,
1719 3807 2031 3874 Saxoniae
2060 3808 2309 3873 flumen
2335 3807 2714 3895 pergrande,

619 3932 880 3976 accessu
941 3915 1011 3975 01,
1075 3932 1329 3976 recessu
1393 3932 1670 3976 crescere
1728 3910 2069 3996 minuique
2130 3908 2419 3988 solitum,
2502 3908 2716 3974 tribus

621 4013 852 4079 diebus
881 4012 1291 4099 totidemque
1318 4012 1619 4078 noctibus
1647 4012 1962 4077 facultate
2009 4011 2113 4076 sui
2164 4031 2448 4076 recessus
2480 4008 2716 4074 amissa

623 4121 1004 4192 tumescens,
1049 4115 1228 4202 ripas
1289 4136 1438 4179 suas
1498 4114 1837 4195 excedens,
1883 4113 2320 4178 finitimarum
2374 4111 2715 4199 regionum

622 4240 902 4296 suarum,
951 4216 1273 4282 Frisoniae
1316 4216 1623 4281 videlicet
1666 4220 1736 4281 et
1770 4214 2077 4281 Saxoniae
2108 4214 2453 4300 utriusque
2484 4213 2711 4299 partiS‚

623 4320 922 4385 homines
965 4326 1035 4384 01,
1069 4318 1392 4405 jumenta,
1422 4318 1739 4398 ecclesiaS,
1771 4317 2049 4384 aedificia
2094 4323 2163 4382 01,
2208 4321 2445 4384 caetera
2476 4316 2715 4396 omnia,

625 4423 954 4489 solotenus
1019 4421 1391 4486 incredibili
1465 4423 1781 4508 voragine
1850 4419 2111 4486 delevit.
2246 4418 2714 4505 Volatiliaque,

625 4529 765 4590 tam
808 4523 1130 4610 aquatilia
1176 4546 1372 4609 quam
1437 4524 1629 4605 aeria,
1699 4523 1889 4590 venti
1931 4521 2137 4610 ipsius
2196 4521 2519 4586 violentia
2562 4521 2714 4586 sub·

691 4780 704 4809 ¹
741 4777 978 4845 schisma]
1017 4777 1189 4838 cinna,
1211 4777 1324 4829 MS.
1707 4777 1884 4840 nearly
1906 4777 2173 4842 destroyed
2207 4775 2278 4840 by
2298 4790 2363 4825 an
2397 4772 2629 4839 eruption
2660 4775 2721 4825 01·

690 4859 712 4894 ²
744 4857 856 4908 The
889 4858 994 4923 city
1016 4859 1078 4908 of
1109 4857 1319 4910 catania
1349 4855 1402 4908 in
1437 4856 1613 4924 Sicily,
1707 4855 1892 4908 Mount
1912 4855 2047 4907 Etna
2068 4855 2123 4904 in
2146 4854 2231 4906 the
2252 4869 2375 4920 year
2400 4859 2543 4908 1168.
