<?xml version="1.0" encoding="UTF-8"?>
<!DOCTYPE html PUBLIC "-//W3C//DTD XHTML 1.0 Transitional//EN"
    "http://www.w3.org/TR/xhtml1/DTD/xhtml1-transitional.dtd">
<html xmlns="http://www.w3.org/1999/xhtml" xml:lang="en" lang="en">
 <head>
  <title>
</title>
<meta http-equiv="Content-Type" content="text/html;charset=utf-8" />
  <meta name='ocr-system' content='tesseract 3.04.00' />
  <meta name='ocr-capabilities' content='ocr_page ocr_carea ocr_par ocr_line ocrx_word'/>
</head>
<body>
  <div class='ocr_page' id='page_1' title='image "./chronicamonaste00burtgoog_0302.png"; bbox 0 0 3519 5734; ppageno 0'>
   <div class='ocr_carea' id='block_1_1' title="bbox 1183 827 2761 890">
    <p class='ocr_par' dir='ltr' id='par_1_1' title="bbox 1183 827 2761 890">
     <span class='ocr_line' id='line_1_1' title="bbox 1183 827 2761 890; baseline 0.005 -8"><span class='ocrx_word' id='word_1_1' title='bbox 1183 834 1556 886; x_wconf 79' lang='lat' dir='ltr'><strong>PHILIPPUS</strong></span> <span class='ocrx_word' id='word_1_2' title='bbox 1598 833 1815 885; x_wconf 64' lang='lat' dir='ltr'><strong>Annas</strong></span> <span class='ocrx_word' id='word_1_3' title='bbox 1860 836 2236 887; x_wconf 74' lang='lat' dir='ltr'>SECUNDUS.</span> <span class='ocrx_word' id='word_1_4' title='bbox 2632 827 2761 890; x_wconf 86' lang='lat'><strong>209</strong></span> 
     </span>
    </p>
   </div>
   <div class='ocr_carea' id='block_1_2' title="bbox 659 1004 3098 1303">
    <p class='ocr_par' dir='ltr' id='par_1_2' title="bbox 659 1004 3098 1303">
     <span class='ocr_line' id='line_1_2' title="bbox 659 1004 3098 1099; baseline 0.001 -28"><span class='ocrx_word' id='word_1_5' title='bbox 659 1004 722 1071; x_wconf 86' lang='lat' dir='ltr'><strong>ei</strong></span> <span class='ocrx_word' id='word_1_6' title='bbox 768 1006 1204 1092; x_wconf 68' lang='lat' dir='ltr'><strong>praeminebat</strong></span> <span class='ocrx_word' id='word_1_7' title='bbox 1248 1014 1319 1074; x_wconf 89' lang='lat' dir='ltr'><strong>et</strong></span> <span class='ocrx_word' id='word_1_8' title='bbox 1376 1014 1706 1096; x_wconf 70' lang='lat' dir='ltr'><strong>potestate</strong></span> <span class='ocrx_word' id='word_1_9' title='bbox 1749 1033 1887 1077; x_wconf 83' lang='lat' dir='ltr'><strong>suae</strong></span> <span class='ocrx_word' id='word_1_10' title='bbox 1946 1012 2144 1099; x_wconf 81' lang='lat' dir='ltr'><strong>regiae</strong></span> <span class='ocrx_word' id='word_1_11' title='bbox 2188 1010 2566 1077; x_wconf 87' lang='lat' dir='ltr'><strong>celsitudini</strong></span> <span class='ocrx_word' id='word_1_12' title='bbox 2610 1034 2761 1078; x_wconf 84' lang='lat' dir='ltr'><strong>con·</strong></span> <span class='ocrx_word' id='word_1_13' title='bbox 2778 1018 3098 1074; x_wconf 80' lang='lat' dir='ltr'>A.D.1175-</span> 
     </span>
     <span class='ocr_line' id='line_1_3' title="bbox 659 1089 2930 1201; baseline 0.004 -28"><span class='ocrx_word' id='word_1_14' title='bbox 659 1130 837 1173; x_wconf 86' lang='lat' dir='ltr'><strong>cessa</strong></span> <span class='ocrx_word' id='word_1_15' title='bbox 879 1110 1309 1196; x_wconf 87' lang='lat' dir='ltr'><strong>compelleret,</strong></span> <span class='ocrx_word' id='word_1_16' title='bbox 1356 1119 1437 1178; x_wconf 89' lang='lat' dir='ltr'><strong>ut</strong></span> <span class='ocrx_word' id='word_1_17' title='bbox 1480 1111 1528 1177; x_wconf 88' lang='lat' dir='ltr'><strong>J</strong></span> <span class='ocrx_word' id='word_1_18' title='bbox 1529 1113 1777 1179; x_wconf 87' lang='lat' dir='ltr'><strong>ohanni</strong></span> <span class='ocrx_word' id='word_1_19' title='bbox 1845 1113 2147 1201; x_wconf 87' lang='lat' dir='ltr'><strong>episcopo</strong></span> <span class='ocrx_word' id='word_1_20' title='bbox 2196 1112 2429 1179; x_wconf 88' lang='lat' dir='ltr'><strong>Sancti</strong></span> <span class='ocrx_word' id='word_1_21' title='bbox 2473 1114 2759 1181; x_wconf 86' lang='lat' dir='ltr'><strong>Andreae</strong></span> <span class='ocrx_word' id='word_1_22' title='bbox 2786 1089 2930 1141; x_wconf 77' lang='lat'>¹¹⁷⁹·</span> 
     </span>
     <span class='ocr_line' id='line_1_4' title="bbox 659 1215 2760 1303; baseline 0.004 -29"><span class='ocrx_word' id='word_1_23' title='bbox 659 1232 922 1276; x_wconf 91' lang='lat' dir='ltr'><strong>omnem</strong></span> <span class='ocrx_word' id='word_1_24' title='bbox 977 1234 1314 1279; x_wconf 81' lang='lat' dir='ltr'>rancorem</span> <span class='ocrx_word' id='word_1_25' title='bbox 1379 1215 1753 1282; x_wconf 88' lang='lat' dir='ltr'><strong>remitteret</strong></span> <span class='ocrx_word' id='word_1_26' title='bbox 1797 1222 1867 1281; x_wconf 86' lang='lat' dir='ltr'><strong>et</strong></span> <span class='ocrx_word' id='word_1_27' title='bbox 1912 1218 2363 1303; x_wconf 87' lang='lat' dir='ltr'><strong>episcopatum</strong></span> <span class='ocrx_word' id='word_1_28' title='bbox 2429 1238 2621 1282; x_wconf 88' lang='lat' dir='ltr'><strong>suum</strong></span> <span class='ocrx_word' id='word_1_29' title='bbox 2686 1218 2760 1282; x_wconf 88' lang='lat' dir='ltr'><strong>in</strong></span> 
     </span>
    </p>
   </div>
   <div class='ocr_carea' id='block_1_3' title="bbox 325 1313 3004 1403">
    <p class='ocr_par' dir='ltr' id='par_1_3' title="bbox 325 1313 3004 1403">
     <span class='ocr_line' id='line_1_5' title="bbox 325 1313 3004 1403; baseline 0.002 -26"><span class='ocrx_word' id='word_1_30' title='bbox 325 1326 389 1377; x_wconf 84' lang='lat' dir='ltr'><strong>R.</strong></span> <span class='ocrx_word' id='word_1_31' title='bbox 414 1326 572 1378; x_wconf 63' lang='grc' dir='ltr'><strong>σοαπ.</strong></span> <span class='ocrx_word' id='word_1_32' title='bbox 600 1328 612 1391; x_wconf 75' lang='grc' dir='ltr'>ζ</span> <span class='ocrx_word' id='word_1_33' title='bbox 656 1334 814 1400; x_wconf 84' lang='lat' dir='ltr'><strong>pace</strong></span> <span class='ocrx_word' id='word_1_34' title='bbox 857 1313 1098 1381; x_wconf 86' lang='lat' dir='ltr'><strong>habere</strong></span> <span class='ocrx_word' id='word_1_35' title='bbox 1140 1318 1578 1403; x_wconf 70' lang='lat' dir='ltr'><strong>promitteret.</strong></span> <span class='ocrx_word' id='word_1_36' title='bbox 1655 1326 1776 1382; x_wconf 77' lang='lat' dir='ltr'><strong>Hic</strong></span> <span class='ocrx_word' id='word_1_37' title='bbox 1799 1333 1995 1383; x_wconf 77' lang='lat' dir='ltr'><strong>autem</strong></span> <span class='ocrx_word' id='word_1_38' title='bbox 2054 1319 2386 1385; x_wconf 89' lang='lat' dir='ltr'><strong>Henricus</strong></span> <span class='ocrx_word' id='word_1_39' title='bbox 2430 1339 2549 1384; x_wconf 83' lang='lat' dir='ltr'><strong>rex</strong></span> <span class='ocrx_word' id='word_1_40' title='bbox 2600 1346 2761 1383; x_wconf 84' lang='lat' dir='ltr'><strong>rece·</strong></span> <span class='ocrx_word' id='word_1_41' title='bbox 2784 1322 3004 1390; x_wconf 80' lang='lat' dir='ltr'><strong>Henry’s</strong></span> 
     </span>
    </p>
   </div>
   <div class='ocr_carea' id='block_1_4' title="bbox 326 1391 3071 1524">
    <p class='ocr_par' dir='ltr' id='par_1_4' title="bbox 326 1391 3071 1524">
     <span class='ocr_line' id='line_1_6' title="bbox 326 1391 3071 1524; baseline 0.018 -83"><span class='ocrx_word' id='word_1_42' title='bbox 326 1393 420 1444; x_wconf 84' lang='lat' dir='ltr'><strong>eol.</strong></span> <span class='ocrx_word' id='word_1_43' title='bbox 443 1396 593 1448; x_wconf 79' lang='lat'><strong>2897.</strong></span> <span class='ocrx_word' id='word_1_44' title='bbox 654 1420 822 1487; x_wconf 57' lang='lat' dir='ltr'><strong>pem</strong></span> <span class='ocrx_word' id='word_1_45' title='bbox 854 1416 1077 1473; x_wconf 70' lang='lat' dir='ltr'><strong>dudum</strong></span> <span class='ocrx_word' id='word_1_46' title='bbox 1111 1418 1176 1473; x_wconf 73' lang='lat' dir='ltr'><strong>in</strong></span> <span class='ocrx_word' id='word_1_47' title='bbox 1225 1420 1552 1475; x_wconf 60' lang='lat' dir='ltr'><strong>cugssoffiam</strong></span> <span class='ocrx_word' id='word_1_48' title='bbox 1587 1438 1756 1475; x_wconf 75' lang='lat' dir='ltr'><strong>suam</strong></span> <span class='ocrx_word' id='word_1_49' title='bbox 1812 1419 1995 1475; x_wconf 87' lang='lat' dir='ltr'><strong>filiam</strong></span> <span class='ocrx_word' id='word_1_50' title='bbox 2043 1422 2205 1493; x_wconf 86' lang='lat' dir='ltr'><strong>regis</strong></span> <span class='ocrx_word' id='word_1_51' title='bbox 2259 1421 2641 1487; x_wconf 77' lang='lat' dir='ltr'><strong>Francorum,</strong></span> <span class='ocrx_word' id='word_1_52' title='bbox 2692 1428 2761 1476; x_wconf 73' lang='lat' dir='ltr'><strong>ut</strong></span> <span class='ocrx_word' id='word_1_53' title='bbox 2782 1391 3071 1524; x_wconf 43' lang='lat' dir='ltr'><strong>1⁸33an</strong></span> 
     </span>
    </p>
   </div>
   <div class='ocr_carea' id='block_1_5' title="bbox 653 1500 3116 1997">
    <p class='ocr_par' dir='ltr' id='par_1_5' title="bbox 653 1500 3116 1911">
     <span class='ocr_line' id='line_1_7' title="bbox 655 1500 3093 1577; baseline 0.002 -23"><span class='ocrx_word' id='word_1_54' title='bbox 655 1516 786 1555; x_wconf 86' lang='lat' dir='ltr'><strong>eam</strong></span> <span class='ocrx_word' id='word_1_55' title='bbox 809 1500 930 1555; x_wconf 89' lang='lat' dir='ltr'><strong>filio</strong></span> <span class='ocrx_word' id='word_1_56' title='bbox 966 1520 1074 1557; x_wconf 84' lang='lat' dir='ltr'><strong>suo</strong></span> <span class='ocrx_word' id='word_1_57' title='bbox 1109 1502 1365 1559; x_wconf 82' lang='lat' dir='ltr'><strong>Ricardo</strong></span> <span class='ocrx_word' id='word_1_58' title='bbox 1389 1502 1592 1559; x_wconf 78' lang='lat' dir='ltr'><strong>comiti</strong></span> <span class='ocrx_word' id='word_1_59' title='bbox 1614 1503 1953 1559; x_wconf 81' lang='lat' dir='ltr'><strong>Pictavensi</strong></span> <span class='ocrx_word' id='word_1_60' title='bbox 1978 1504 2295 1575; x_wconf 88' lang='lat' dir='ltr'><strong>copularet.</strong></span> <span class='ocrx_word' id='word_1_61' title='bbox 2365 1504 2595 1563; x_wconf 81' lang='lat' dir='ltr'><strong>Verum</strong></span> <span class='ocrx_word' id='word_1_62' title='bbox 2620 1523 2759 1577; x_wconf 84' lang='lat' dir='ltr'><strong>qma</strong></span> <span class='ocrx_word' id='word_1_63' title='bbox 2778 1524 2867 1574; x_wconf 65' lang='lat' dir='ltr'><strong>the</strong></span> <span class='ocrx_word' id='word_1_64' title='bbox 2892 1525 3093 1577; x_wconf 73' lang='lat' dir='ltr'><strong>Freneh</strong></span> 
     </span>
     <span class='ocr_line' id='line_1_8' title="bbox 653 1585 3116 1658; baseline 0.001 -20"><span class='ocrx_word' id='word_1_65' title='bbox 653 1589 788 1655; x_wconf 89' lang='lat' dir='ltr'><strong>post</strong></span> <span class='ocrx_word' id='word_1_66' title='bbox 821 1588 1068 1640; x_wconf 84' lang='lat' dir='ltr'><strong>mortem</strong></span> <span class='ocrx_word' id='word_1_67' title='bbox 1104 1585 1498 1642; x_wconf 82' lang='lat' dir='ltr'><strong>Rosamundae</strong></span> <span class='ocrx_word' id='word_1_68' title='bbox 1532 1587 1748 1658; x_wconf 86' lang='lat' dir='ltr'><strong>puellae</strong></span> <span class='ocrx_word' id='word_1_69' title='bbox 1784 1587 1892 1641; x_wconf 88' lang='lat' dir='ltr'><strong>illa</strong></span> <span class='ocrx_word' id='word_1_70' title='bbox 1931 1588 2149 1644; x_wconf 86' lang='lat' dir='ltr'><strong>abusus</strong></span> <span class='ocrx_word' id='word_1_71' title='bbox 2200 1588 2411 1653; x_wconf 86' lang='lat' dir='ltr'><strong>fuerat,</strong></span> <span class='ocrx_word' id='word_1_72' title='bbox 2464 1588 2755 1644; x_wconf 84' lang='lat' dir='ltr'><strong>Ricardus</strong></span> <span class='ocrx_word' id='word_1_73' title='bbox 2779 1590 2951 1656; x_wconf 82' lang='lat' dir='ltr'><strong>king’s</strong></span> <span class='ocrx_word' id='word_1_74' title='bbox 3106 1586 3116 1595; x_wconf 84' lang='lat'><em>&#39;</em></span> 
     </span>
     <span class='ocr_line' id='line_1_9' title="bbox 653 1658 3041 1745; baseline 0.001 -24"><span class='ocrx_word' id='word_1_75' title='bbox 653 1667 810 1723; x_wconf 87' lang='lat' dir='ltr'><strong>filius</strong></span> <span class='ocrx_word' id='word_1_76' title='bbox 847 1686 992 1725; x_wconf 86' lang='lat' dir='ltr'><strong>suus</strong></span> <span class='ocrx_word' id='word_1_77' title='bbox 1015 1670 1454 1726; x_wconf 65' lang='lat' dir='ltr'><strong>matrimonium</strong></span> <span class='ocrx_word' id='word_1_78' title='bbox 1475 1671 1792 1726; x_wconf 87' lang='lat' dir='ltr'><strong>recusavit.</strong></span> <span class='ocrx_word' id='word_1_79' title='bbox 1864 1670 2118 1727; x_wconf 77' lang='lat' dir='ltr'>Proinde</span> <span class='ocrx_word' id='word_1_80' title='bbox 2141 1673 2447 1745; x_wconf 80' lang='lat' dir='ltr'><strong>proposuit</strong></span> <span class='ocrx_word' id='word_1_81' title='bbox 2481 1690 2585 1728; x_wconf 83' lang='lat' dir='ltr'><strong>rex</strong></span> <span class='ocrx_word' id='word_1_82' title='bbox 2607 1673 2757 1728; x_wconf 84' lang='lat' dir='ltr'><strong>hanc</strong></span> <span class='ocrx_word' id='word_1_83' title='bbox 2781 1658 3041 1723; x_wconf 80' lang='lat' dir='ltr'><strong>daughter.</strong></span> 
     </span>
     <span class='ocr_line' id='line_1_10' title="bbox 654 1752 2759 1826; baseline 0.003 -20"><span class='ocrx_word' id='word_1_84' title='bbox 654 1752 912 1824; x_wconf 85' lang='lat' dir='ltr'><strong>puellam</strong></span> <span class='ocrx_word' id='word_1_85' title='bbox 947 1752 1202 1809; x_wconf 87' lang='lat' dir='ltr'><strong>duxisse.</strong></span> <span class='ocrx_word' id='word_1_86' title='bbox 1277 1754 1408 1823; x_wconf 81' lang='lat' dir='ltr'><strong>Qua</strong></span> <span class='ocrx_word' id='word_1_87' title='bbox 1443 1756 1515 1811; x_wconf 88' lang='lat' dir='ltr'><strong>de</strong></span> <span class='ocrx_word' id='word_1_88' title='bbox 1552 1773 1730 1811; x_wconf 84' lang='lat' dir='ltr'><strong>causa</strong></span> <span class='ocrx_word' id='word_1_89' title='bbox 1751 1754 2209 1826; x_wconf 83' lang='lat' dir='ltr'><strong>Huguncioncm</strong></span> <span class='ocrx_word' id='word_1_90' title='bbox 2234 1757 2249 1787; x_wconf 82' lang='lat'>¹</span> <span class='ocrx_word' id='word_1_91' title='bbox 2289 1757 2647 1813; x_wconf 75' lang='lat' dir='ltr'><strong>cardinalem</strong></span> <span class='ocrx_word' id='word_1_92' title='bbox 2682 1758 2759 1813; x_wconf 87' lang='lat' dir='ltr'><strong>ad</strong></span> 
     </span>
     <span class='ocr_line' id='line_1_11' title="bbox 654 1836 2761 1911; baseline 0.002 -20"><span class='ocrx_word' id='word_1_93' title='bbox 654 1836 1092 1893; x_wconf 69' lang='lat' dir='ltr'><strong>divortia-ndum</strong></span> <span class='ocrx_word' id='word_1_94' title='bbox 1126 1839 1282 1895; x_wconf 86' lang='lat' dir='ltr'><strong>inter</strong></span> <span class='ocrx_word' id='word_1_95' title='bbox 1331 1840 1528 1911; x_wconf 86' lang='lat' dir='ltr'><strong>ipsum</strong></span> <span class='ocrx_word' id='word_1_96' title='bbox 1564 1845 1626 1894; x_wconf 81' lang='lat' dir='ltr'><strong>et</strong></span> <span class='ocrx_word' id='word_1_97' title='bbox 1659 1839 1931 1910; x_wconf 77' lang='lat' dir='ltr'><strong>reginam</strong></span> <span class='ocrx_word' id='word_1_98' title='bbox 1982 1838 2325 1895; x_wconf 85' lang='lat' dir='ltr'><strong>Alienoram</strong></span> <span class='ocrx_word' id='word_1_99' title='bbox 2358 1841 2652 1907; x_wconf 80' lang='lat' dir='ltr'><strong>invitavit,</strong></span> <span class='ocrx_word' id='word_1_100' title='bbox 2692 1847 2761 1898; x_wconf 82' lang='lat' dir='ltr'><strong>ut</strong></span> 
     </span>
    </p>

    <p class='ocr_par' dir='ltr' id='par_1_6' title="bbox 655 1920 2760 1997">
     <span class='ocr_line' id='line_1_12' title="bbox 655 1920 2760 1997; baseline 0.002 -22"><span class='ocrx_word' id='word_1_101' title='bbox 655 1920 743 1976; x_wconf 88' lang='lat' dir='ltr'><strong>sic</strong></span> <span class='ocrx_word' id='word_1_102' title='bbox 791 1920 1153 1977; x_wconf 78' lang='lat' dir='ltr'><strong>Francorum</strong></span> <span class='ocrx_word' id='word_1_103' title='bbox 1203 1922 1414 1995; x_wconf 86' lang='lat' dir='ltr'><strong>majori</strong></span> <span class='ocrx_word' id='word_1_104' title='bbox 1483 1922 1684 1979; x_wconf 84' lang='lat' dir='ltr'><strong>favore</strong></span> <span class='ocrx_word' id='word_1_105' title='bbox 1734 1923 1943 1989; x_wconf 83' lang='lat' dir='ltr'><strong>fretus,</strong></span> <span class='ocrx_word' id='word_1_106' title='bbox 1998 1924 2151 1981; x_wconf 87' lang='lat' dir='ltr'><strong>filios</strong></span> <span class='ocrx_word' id='word_1_107' title='bbox 2203 1925 2471 1997; x_wconf 87' lang='lat' dir='ltr'><strong>proprios</strong></span> <span class='ocrx_word' id='word_1_108' title='bbox 2525 1926 2760 1981; x_wconf 82' lang='lat' dir='ltr'><strong>exhere-</strong></span> 
     </span>
    </p>
   </div>
   <div class='ocr_carea' id='block_1_6' title="bbox 321 2006 3091 4456">
    <p class='ocr_par' dir='ltr' id='par_1_7' title="bbox 321 2006 3091 4456">
     <span class='ocr_line' id='line_1_13' title="bbox 654 2006 2760 2095; baseline 0.003 -27"><span class='ocrx_word' id='word_1_109' title='bbox 654 2012 825 2069; x_wconf 81' lang='lat' dir='ltr'><strong>daret</strong></span> <span class='ocrx_word' id='word_1_110' title='bbox 865 2056 885 2073; x_wconf 88' lang='lat'><strong>.</strong></span> <span class='ocrx_word' id='word_1_111' title='bbox 925 2056 945 2075; x_wconf 90' lang='lat'><strong>.</strong></span> <span class='ocrx_word' id='word_1_112' title='bbox 985 2057 1004 2073; x_wconf 85' lang='lat'><strong>.</strong></span> <span class='ocrx_word' id='word_1_113' title='bbox 1052 2006 1466 2095; x_wconf 83' lang='lat' dir='ltr'><strong>Quapropter</strong></span> <span class='ocrx_word' id='word_1_114' title='bbox 1533 2007 1859 2073; x_wconf 88' lang='lat' dir='ltr'><strong>discordia</strong></span> <span class='ocrx_word' id='word_1_115' title='bbox 1919 2008 2095 2073; x_wconf 91' lang='lat' dir='ltr'><strong>inter</strong></span> <span class='ocrx_word' id='word_1_116' title='bbox 2156 2014 2413 2095; x_wconf 87' lang='lat' dir='ltr'><strong>patrem</strong></span> <span class='ocrx_word' id='word_1_117' title='bbox 2476 2015 2545 2075; x_wconf 90' lang='lat' dir='ltr'><strong>et</strong></span> <span class='ocrx_word' id='word_1_118' title='bbox 2589 2010 2760 2076; x_wconf 91' lang='lat' dir='ltr'><strong>filios</strong></span> 
     </span>
     <span class='ocr_line' id='line_1_14' title="bbox 321 2106 3090 2198; baseline 0.005 -34"><span class='ocrx_word' id='word_1_119' title='bbox 321 2114 582 2181; x_wconf 82' lang='lat' dir='ltr'><strong>Hoveden,</strong></span> <span class='ocrx_word' id='word_1_120' title='bbox 651 2106 898 2173; x_wconf 90' lang='lat' dir='ltr'><strong>iterum</strong></span> <span class='ocrx_word' id='word_1_121' title='bbox 943 2113 1045 2174; x_wconf 89' lang='lat' dir='ltr'><strong>est</strong></span> <span class='ocrx_word' id='word_1_122' title='bbox 1088 2114 1338 2175; x_wconf 85' lang='lat' dir='ltr'><strong>exorta.</strong></span> <span class='ocrx_word' id='word_1_123' title='bbox 1428 2109 1720 2175; x_wconf 83' lang='lat' dir='ltr'><strong>Cernens</strong></span> <span class='ocrx_word' id='word_1_124' title='bbox 1748 2116 1975 2175; x_wconf 85' lang='lat' dir='ltr'><strong>tamen</strong></span> <span class='ocrx_word' id='word_1_125' title='bbox 2006 2109 2334 2178; x_wconf 82' lang='lat' dir='ltr'><strong>Hem-icus</strong></span> <span class='ocrx_word' id='word_1_126' title='bbox 2378 2134 2498 2177; x_wconf 87' lang='lat' dir='ltr'><strong>rex</strong></span> <span class='ocrx_word' id='word_1_127' title='bbox 2534 2112 2763 2198; x_wconf 85' lang='lat' dir='ltr'><strong>junior</strong></span> <span class='ocrx_word' id='word_1_128' title='bbox 2784 2116 2968 2197; x_wconf 60' lang='lat' dir='ltr'><strong>mapsa</strong></span> <span class='ocrx_word' id='word_1_129' title='bbox 2988 2120 3090 2170; x_wconf 77' lang='lat' dir='ltr'><strong>and</strong></span> 
     </span>
     <span class='ocr_line' id='line_1_15' title="bbox 321 2186 3045 2319; baseline 0.002 -44"><span class='ocrx_word' id='word_1_130' title='bbox 321 2196 370 2246; x_wconf 80' lang='lat' dir='ltr'><strong>P·</strong></span> <span class='ocrx_word' id='word_1_131' title='bbox 395 2186 508 2236; x_wconf 74' lang='lat'><strong>⁶²⁰·</strong></span> <span class='ocrx_word' id='word_1_132' title='bbox 655 2232 724 2276; x_wconf 85' lang='lat' dir='ltr'><strong>se</strong></span> <span class='ocrx_word' id='word_1_133' title='bbox 752 2212 930 2298; x_wconf 86' lang='lat' dir='ltr'><strong>patri</strong></span> <span class='ocrx_word' id='word_1_134' title='bbox 958 2232 1095 2277; x_wconf 92' lang='lat' dir='ltr'><strong>non</strong></span> <span class='ocrx_word' id='word_1_135' title='bbox 1122 2233 1312 2299; x_wconf 87' lang='lat' dir='ltr'><strong>posse</strong></span> <span class='ocrx_word' id='word_1_136' title='bbox 1341 2212 1626 2277; x_wconf 85' lang='lat' dir='ltr'><strong>multum</strong></span> <span class='ocrx_word' id='word_1_137' title='bbox 1659 2234 1907 2285; x_wconf 86' lang='lat' dir='ltr'><strong>nocere,</strong></span> <span class='ocrx_word' id='word_1_138' title='bbox 1931 2234 2051 2298; x_wconf 92' lang='lat' dir='ltr'><strong>pro</strong></span> <span class='ocrx_word' id='word_1_139' title='bbox 2082 2234 2159 2278; x_wconf 90' lang='lat' dir='ltr'><strong>eo</strong></span> <span class='ocrx_word' id='word_1_140' title='bbox 2191 2214 2369 2299; x_wconf 92' lang='lat' dir='ltr'><strong>quod·</strong></span> <span class='ocrx_word' id='word_1_141' title='bbox 2393 2219 2587 2301; x_wconf 88' lang='lat' dir='ltr'><strong>pater</strong></span> <span class='ocrx_word' id='word_1_142' title='bbox 2608 2238 2757 2280; x_wconf 88' lang='lat' dir='ltr'><strong>eum</strong></span> <span class='ocrx_word' id='word_1_143' title='bbox 2783 2194 3045 2319; x_wconf 42' lang='lat' dir='ltr'><strong>&amp;3²3¹ss</strong></span> 
     </span>
     <span class='ocr_line' id='line_1_16' title="bbox 655 2312 2865 2402; baseline 0.002 -24"><span class='ocrx_word' id='word_1_144' title='bbox 655 2312 1050 2380; x_wconf 83' lang='lat' dir='ltr'><strong>exheredare</strong></span> <span class='ocrx_word' id='word_1_145' title='bbox 1110 2315 1520 2402; x_wconf 85' lang='lat' dir='ltr'><strong>disponebat,</strong></span> <span class='ocrx_word' id='word_1_146' title='bbox 1580 2336 1664 2379; x_wconf 83' lang='lat' dir='ltr'><strong>ex</strong></span> <span class='ocrx_word' id='word_1_147' title='bbox 1726 2314 2184 2401; x_wconf 86' lang='lat' dir='ltr'><strong>indignatione</strong></span> <span class='ocrx_word' id='word_1_148' title='bbox 2245 2321 2313 2381; x_wconf 93' lang='lat' dir='ltr'><strong>et</strong></span> <span class='ocrx_word' id='word_1_149' title='bbox 2357 2318 2564 2381; x_wconf 90' lang='lat' dir='ltr'><strong>animi</strong></span> <span class='ocrx_word' id='word_1_150' title='bbox 2606 2339 2757 2382; x_wconf 85' lang='lat' dir='ltr'><strong>ran-</strong></span> <span class='ocrx_word' id='word_1_151' title='bbox 2780 2318 2865 2369; x_wconf 76' lang='lat' dir='ltr'><strong>the</strong></span> 
     </span>
     <span class='ocr_line' id='line_1_17' title="bbox 656 2400 3027 2503; baseline 0.002 -22"><span class='ocrx_word' id='word_1_152' title='bbox 656 2436 802 2481; x_wconf 85' lang='lat' dir='ltr'><strong>core</strong></span> <span class='ocrx_word' id='word_1_153' title='bbox 839 2416 973 2503; x_wconf 89' lang='lat' dir='ltr'><strong>[in]</strong></span> <span class='ocrx_word' id='word_1_154' title='bbox 1004 2417 1469 2483; x_wconf 86' lang='lat' dir='ltr'><strong>infirmitatem</strong></span> <span class='ocrx_word' id='word_1_155' title='bbox 1501 2416 1704 2483; x_wconf 85' lang='lat' dir='ltr'><strong>febris</strong></span> <span class='ocrx_word' id='word_1_156' title='bbox 1733 2422 1804 2483; x_wconf 90' lang='lat' dir='ltr'><strong>et</strong></span> <span class='ocrx_word' id='word_1_157' title='bbox 1832 2419 2088 2482; x_wconf 88' lang='lat' dir='ltr'><strong>ventris</strong></span> <span class='ocrx_word' id='word_1_158' title='bbox 2117 2418 2375 2483; x_wconf 84' lang='lat' dir='ltr'><strong>fluxum</strong></span> <span class='ocrx_word' id='word_1_159' title='bbox 2406 2419 2755 2485; x_wconf 87' lang='lat' dir='ltr'><strong>incidebat.</strong></span> <span class='ocrx_word' id='word_1_160' title='bbox 2780 2400 3027 2471; x_wconf 63' lang='lat' dir='ltr'><strong>younger.</strong></span> 
     </span>
     <span class='ocr_line' id='line_1_18' title="bbox 655 2516 2759 2609; baseline 0.002 -27"><span class='ocrx_word' id='word_1_161' title='bbox 655 2516 982 2600; x_wconf 82' lang='lat' dir='ltr'><strong>Sentiens</strong></span> <span class='ocrx_word' id='word_1_162' title='bbox 1006 2542 1161 2608; x_wconf 83' lang='lat' dir='ltr'><strong>ergo</strong></span> <span class='ocrx_word' id='word_1_163' title='bbox 1217 2526 1503 2585; x_wconf 88' lang='lat' dir='ltr'><strong>mortem</strong></span> <span class='ocrx_word' id='word_1_164' title='bbox 1569 2519 1700 2585; x_wconf 90' lang='lat' dir='ltr'><strong>sibi</strong></span> <span class='ocrx_word' id='word_1_165' title='bbox 1766 2519 2125 2603; x_wconf 86' lang='lat' dir='ltr'><strong>imminere,</strong></span> <span class='ocrx_word' id='word_1_166' title='bbox 2191 2521 2377 2587; x_wconf 84' lang='lat' dir='ltr'><strong>misit</strong></span> <span class='ocrx_word' id='word_1_167' title='bbox 2443 2543 2562 2609; x_wconf 93' lang='lat' dir='ltr'><strong>pro</strong></span> <span class='ocrx_word' id='word_1_168' title='bbox 2607 2544 2759 2609; x_wconf 87' lang='lat' dir='ltr'><strong>rege</strong></span> 
     </span>
     <span class='ocr_line' id='line_1_19' title="bbox 654 2623 2761 2711; baseline 0.001 -23"><span class='ocrx_word' id='word_1_169' title='bbox 654 2628 845 2709; x_wconf 87' lang='lat' dir='ltr'><strong>patre</strong></span> <span class='ocrx_word' id='word_1_170' title='bbox 889 2644 1022 2691; x_wconf 83' lang='lat' dir='ltr'><strong>suo,</strong></span> <span class='ocrx_word' id='word_1_171' title='bbox 1133 2624 1264 2706; x_wconf 81' lang='lat' dir='ltr'><strong>Qui</strong></span> <span class='ocrx_word' id='word_1_172' title='bbox 1333 2625 1474 2711; x_wconf 87' lang='lat' dir='ltr'><strong>ejus</strong></span> <span class='ocrx_word' id='word_1_173' title='bbox 1536 2625 1781 2690; x_wconf 88' lang='lat' dir='ltr'><strong>timens</strong></span> <span class='ocrx_word' id='word_1_174' title='bbox 1848 2623 2123 2689; x_wconf 82' lang='lat' dir='ltr'><strong>insidias</strong></span> <span class='ocrx_word' id='word_1_175' title='bbox 2189 2625 2277 2689; x_wconf 86' lang='lat' dir='ltr'><strong>ad</strong></span> <span class='ocrx_word' id='word_1_176' title='bbox 2338 2647 2489 2690; x_wconf 90' lang='lat' dir='ltr'><strong>eum</strong></span> <span class='ocrx_word' id='word_1_177' title='bbox 2531 2625 2761 2691; x_wconf 85' lang='lat' dir='ltr'><strong>venire</strong></span> 
     </span>
     <span class='ocr_line' id='line_1_20' title="bbox 650 2726 2759 2815; baseline 0.001 -25"><span class='ocrx_word' id='word_1_178' title='bbox 650 2727 1128 2793; x_wconf 83' lang='lat' dir='ltr'><strong>contemnebat.</strong></span> <span class='ocrx_word' id='word_1_179' title='bbox 1167 2750 1172 2755; x_wconf 90' lang='lat'><em>·</em></span> <span class='ocrx_word' id='word_1_180' title='bbox 1242 2728 1395 2815; x_wconf 86' lang='lat' dir='ltr'><strong>Ipse</strong></span> <span class='ocrx_word' id='word_1_181' title='bbox 1463 2734 1690 2793; x_wconf 89' lang='lat' dir='ltr'><strong>tamen</strong></span> <span class='ocrx_word' id='word_1_182' title='bbox 1749 2726 2071 2814; x_wconf 88' lang='lat' dir='ltr'><strong>episcopis</strong></span> <span class='ocrx_word' id='word_1_183' title='bbox 2116 2732 2185 2793; x_wconf 89' lang='lat' dir='ltr'><strong>et</strong></span> <span class='ocrx_word' id='word_1_184' title='bbox 2229 2727 2394 2793; x_wconf 85' lang='lat' dir='ltr'><strong>viris</strong></span> <span class='ocrx_word' id='word_1_185' title='bbox 2438 2728 2759 2814; x_wconf 85' lang='lat' dir='ltr'><strong>religiosis</strong></span> 
     </span>
     <span class='ocr_line' id='line_1_21' title="bbox 649 2828 2756 2917; baseline 0.001 -23"><span class='ocrx_word' id='word_1_186' title='bbox 649 2849 814 2915; x_wconf 87' lang='lat' dir='ltr'><strong>quos</strong></span> <span class='ocrx_word' id='word_1_187' title='bbox 841 2835 1194 2896; x_wconf 80' lang='lat' dir='ltr'><strong>vocaverat</strong></span> <span class='ocrx_word' id='word_1_188' title='bbox 1221 2833 1488 2917; x_wconf 83' lang='lat' dir='ltr'><strong>peccata</strong></span> <span class='ocrx_word' id='word_1_189' title='bbox 1518 2852 1637 2896; x_wconf 83' lang='lat' dir='ltr'><strong>sua</strong></span> <span class='ocrx_word' id='word_1_190' title='bbox 1665 2828 2013 2896; x_wconf 85' lang='lat' dir='ltr'><strong>humiliter</strong></span> <span class='ocrx_word' id='word_1_191' title='bbox 2037 2834 2105 2895; x_wconf 88' lang='lat' dir='ltr'><strong>et</strong></span> <span class='ocrx_word' id='word_1_192' title='bbox 2137 2829 2379 2896; x_wconf 86' lang='lat' dir='ltr'><strong>devote</strong></span> <span class='ocrx_word' id='word_1_193' title='bbox 2410 2830 2756 2909; x_wconf 57' lang='lat' dir='ltr'><strong>confessus</strong></span> 
     </span>
     <span class='ocr_line' id='line_1_22' title="bbox 643 2919 2757 3020; baseline 0.001 -24"><span class='ocrx_word' id='word_1_194' title='bbox 643 2935 910 3018; x_wconf 78' lang='lat' dir='ltr'><strong>accepta</strong></span> <span class='ocrx_word' id='word_1_195' title='bbox 951 2932 1352 3019; x_wconf 88' lang='lat' dir='ltr'><strong>poenitentia</strong></span> <span class='ocrx_word' id='word_1_196' title='bbox 1418 2932 1503 2997; x_wconf 87' lang='lat' dir='ltr'><strong>ab</strong></span> <span class='ocrx_word' id='word_1_197' title='bbox 1549 2932 1795 2998; x_wconf 89' lang='lat' dir='ltr'><strong>eisdem</strong></span> <span class='ocrx_word' id='word_1_198' title='bbox 1840 2935 1943 2998; x_wconf 87' lang='lat' dir='ltr'><strong>est</strong></span> <span class='ocrx_word' id='word_1_199' title='bbox 1987 2919 2372 3014; x_wconf 80' lang='lat' dir='ltr'><strong>absolutus3</strong></span> <span class='ocrx_word' id='word_1_200' title='bbox 2418 2933 2757 3020; x_wconf 86' lang='lat' dir='ltr'><strong>ligatoque</strong></span> 
     </span>
     <span class='ocr_line' id='line_1_23' title="bbox 642 3032 2757 3123; baseline 0.001 -25"><span class='ocrx_word' id='word_1_201' title='bbox 642 3032 802 3098; x_wconf 85' lang='lat' dir='ltr'><strong>fune</strong></span> <span class='ocrx_word' id='word_1_202' title='bbox 819 3033 893 3098; x_wconf 91' lang='lat' dir='ltr'><strong>in</strong></span> <span class='ocrx_word' id='word_1_203' title='bbox 921 3035 1086 3100; x_wconf 92' lang='lat' dir='ltr'><strong>collo</strong></span> <span class='ocrx_word' id='word_1_204' title='bbox 1115 3057 1252 3116; x_wconf 89' lang='lat' dir='ltr'><strong>suc,</strong></span> <span class='ocrx_word' id='word_1_205' title='bbox 1285 3035 1359 3099; x_wconf 86' lang='lat' dir='ltr'><strong>iu</strong></span> <span class='ocrx_word' id='word_1_206' title='bbox 1387 3034 1556 3100; x_wconf 89' lang='lat' dir='ltr'><strong>lecto</strong></span> <span class='ocrx_word' id='word_1_207' title='bbox 1586 3035 1847 3101; x_wconf 91' lang='lat' dir='ltr'><strong>cilicino</strong></span> <span class='ocrx_word' id='word_1_208' title='bbox 1870 3039 1939 3099; x_wconf 92' lang='lat' dir='ltr'><strong>et</strong></span> <span class='ocrx_word' id='word_1_209' title='bbox 1969 3035 2186 3100; x_wconf 88' lang='lat' dir='ltr'><strong>cinere</strong></span> <span class='ocrx_word' id='word_1_210' title='bbox 2216 3036 2487 3123; x_wconf 86' lang='lat' dir='ltr'><strong>positus,</strong></span> <span class='ocrx_word' id='word_1_211' title='bbox 2508 3035 2757 3100; x_wconf 85' lang='lat' dir='ltr'><strong>viatico</strong></span> 
     </span>
     <span class='ocr_line' id='line_1_24' title="bbox 641 3136 2755 3224; baseline 0 -22"><span class='ocrx_word' id='word_1_212' title='bbox 641 3159 710 3202; x_wconf 86' lang='lat' dir='ltr'><strong>se</strong></span> <span class='ocrx_word' id='word_1_213' title='bbox 752 3136 1074 3216; x_wconf 86' lang='lat' dir='ltr'><strong>muniens,</strong></span> <span class='ocrx_word' id='word_1_214' title='bbox 1117 3138 1190 3202; x_wconf 91' lang='lat' dir='ltr'><strong>in</strong></span> <span class='ocrx_word' id='word_1_215' title='bbox 1244 3139 1480 3203; x_wconf 88' lang='lat' dir='ltr'><strong>timore</strong></span> <span class='ocrx_word' id='word_1_216' title='bbox 1533 3137 1809 3202; x_wconf 89' lang='lat' dir='ltr'><strong>Domini</strong></span> <span class='ocrx_word' id='word_1_217' title='bbox 1860 3137 2168 3224; x_wconf 87' lang='lat' dir='ltr'><strong>spiritum</strong></span> <span class='ocrx_word' id='word_1_218' title='bbox 2212 3138 2453 3203; x_wconf 87' lang='lat' dir='ltr'><strong>emisit.</strong></span> <span class='ocrx_word' id='word_1_219' title='bbox 2549 3138 2755 3224; x_wconf 86' lang='lat' dir='ltr'><strong>Cujus</strong></span> 
     </span>
     <span class='ocr_line' id='line_1_25' title="bbox 639 3237 3045 3328; baseline -0 -23"><span class='ocrx_word' id='word_1_220' title='bbox 639 3261 891 3328; x_wconf 89' lang='lat' dir='ltr'><strong>corpus,</strong></span> <span class='ocrx_word' id='word_1_221' title='bbox 947 3240 1118 3306; x_wconf 89' lang='lat' dir='ltr'><strong>sicut</strong></span> <span class='ocrx_word' id='word_1_222' title='bbox 1180 3241 1321 3327; x_wconf 87' lang='lat' dir='ltr'><strong>ipse</strong></span> <span class='ocrx_word' id='word_1_223' title='bbox 1382 3243 1802 3327; x_wconf 87' lang='lat' dir='ltr'><strong>praeceperat,</strong></span> <span class='ocrx_word' id='word_1_224' title='bbox 1872 3240 2052 3327; x_wconf 87' lang='lat' dir='ltr'><strong>apud</strong></span> <span class='ocrx_word' id='word_1_225' title='bbox 2121 3239 2615 3327; x_wconf 85' lang='lat' dir='ltr'><strong>Rothomagum</strong></span> <span class='ocrx_word' id='word_1_226' title='bbox 2676 3239 2751 3304; x_wconf 91' lang='lat' dir='ltr'><strong>in</strong></span> <span class='ocrx_word' id='word_1_227' title='bbox 2778 3237 2874 3290; x_wconf 75' lang='lat' dir='ltr'><strong>His</strong></span> <span class='ocrx_word' id='word_1_228' title='bbox 2896 3240 3045 3320; x_wconf 57' lang='lat' dir='ltr'><strong>&lt;1³²sp</strong></span> 
     </span>
     <span class='ocr_line' id='line_1_26' title="bbox 640 3307 3091 3431; baseline -0.001 -22"><span class='ocrx_word' id='word_1_229' title='bbox 640 3343 908 3411; x_wconf 88' lang='lat' dir='ltr'><strong>ecclesia</strong></span> <span class='ocrx_word' id='word_1_230' title='bbox 951 3343 1214 3410; x_wconf 84' lang='lat' dir='ltr'><strong>Sanctae</strong></span> <span class='ocrx_word' id='word_1_231' title='bbox 1285 3342 1517 3408; x_wconf 71' lang='lat' dir='ltr'><strong>Mariae</strong></span> <span class='ocrx_word' id='word_1_232' title='bbox 1577 3341 1909 3431; x_wconf 89' lang='lat' dir='ltr'><strong>sepultum</strong></span> <span class='ocrx_word' id='word_1_233' title='bbox 1955 3348 2075 3422; x_wconf 90' lang='lat' dir='ltr'><strong>est,</strong></span> <span class='ocrx_word' id='word_1_234' title='bbox 2123 3363 2297 3407; x_wconf 87' lang='lat' dir='ltr'><strong>anno</strong></span> <span class='ocrx_word' id='word_1_235' title='bbox 2343 3342 2533 3429; x_wconf 85' lang='lat' dir='ltr'><strong>regni</strong></span> <span class='ocrx_word' id='word_1_236' title='bbox 2577 3343 2750 3428; x_wconf 85' lang='lat' dir='ltr'><strong>regis</strong></span> <span class='ocrx_word' id='word_1_237' title='bbox 2776 3307 2877 3357; x_wconf 51' lang='grc' dir='ltr'><strong>πᾶ</strong></span> <span class='ocrx_word' id='word_1_238' title='bbox 2905 3308 3091 3360; x_wconf 76' lang='lat' dir='ltr'><strong>huual.</strong></span> 
     </span>
     <span class='ocr_line' id='line_1_27' title="bbox 637 3445 2751 3533; baseline 0 -23"><span class='ocrx_word' id='word_1_239' title='bbox 637 3447 848 3533; x_wconf 87' lang='lat' dir='ltr'><strong>patris</strong></span> <span class='ocrx_word' id='word_1_240' title='bbox 894 3447 1000 3510; x_wconf 89' lang='lat' dir='ltr'><strong>sui</strong></span> <span class='ocrx_word' id='word_1_241' title='bbox 1047 3445 1318 3513; x_wconf 84' lang='lat' dir='ltr'><strong>chrici</strong></span> <span class='ocrx_word' id='word_1_242' title='bbox 1371 3448 1457 3510; x_wconf 83' lang='lat'><strong>28</strong></span> <span class='ocrx_word' id='word_1_243' title='bbox 1491 3452 1561 3511; x_wconf 91' lang='lat' dir='ltr'><strong>et</strong></span> <span class='ocrx_word' id='word_1_244' title='bbox 1590 3445 2032 3512; x_wconf 89' lang='lat' dir='ltr'><strong>coronationis</strong></span> <span class='ocrx_word' id='word_1_245' title='bbox 2078 3467 2215 3512; x_wconf 82' lang='lat' dir='ltr'><strong>suae</strong></span> <span class='ocrx_word' id='word_1_246' title='bbox 2266 3447 2366 3511; x_wconf 85' lang='lat'><strong>12.</strong></span> <span class='ocrx_word' id='word_1_247' title='bbox 2458 3445 2751 3532; x_wconf 86' lang='lat' dir='ltr'><strong>Ejusque</strong></span> 
     </span>
     <span class='ocr_line' id='line_1_28' title="bbox 638 3547 2749 3635; baseline -0 -23"><span class='ocrx_word' id='word_1_248' title='bbox 638 3569 809 3612; x_wconf 86' lang='lat' dir='ltr'><strong>uxor</strong></span> <span class='ocrx_word' id='word_1_249' title='bbox 855 3547 1016 3612; x_wconf 87' lang='lat' dir='ltr'><strong>Belo</strong></span> <span class='ocrx_word' id='word_1_250' title='bbox 1057 3549 1196 3634; x_wconf 86' lang='lat' dir='ltr'><strong>regi</strong></span> <span class='ocrx_word' id='word_1_251' title='bbox 1226 3547 1727 3634; x_wconf 86' lang='lat' dir='ltr'><strong>Hungariorum</strong></span> <span class='ocrx_word' id='word_1_252' title='bbox 1756 3548 2001 3634; x_wconf 89' lang='lat' dir='ltr'><strong>nupsit.</strong></span> <span class='ocrx_word' id='word_1_253' title='bbox 2050 3547 2201 3635; x_wconf 89' lang='lat' dir='ltr'><strong>Ipse</strong></span> <span class='ocrx_word' id='word_1_254' title='bbox 2232 3551 2461 3612; x_wconf 88' lang='lat' dir='ltr'><strong>tamen</strong></span> <span class='ocrx_word' id='word_1_255' title='bbox 2506 3547 2749 3611; x_wconf 89' lang='lat' dir='ltr'><strong>Henri-</strong></span> 
     </span>
     <span class='ocr_line' id='line_1_29' title="bbox 639 3649 2750 3737; baseline -0.001 -20"><span class='ocrx_word' id='word_1_256' title='bbox 639 3671 754 3717; x_wconf 87' lang='lat' dir='ltr'><strong>cus</strong></span> <span class='ocrx_word' id='word_1_257' title='bbox 797 3671 920 3714; x_wconf 83' lang='lat' dir='ltr'><strong>rex</strong></span> <span class='ocrx_word' id='word_1_258' title='bbox 963 3649 1141 3714; x_wconf 85' lang='lat' dir='ltr'><strong>filius</strong></span> <span class='ocrx_word' id='word_1_259' title='bbox 1187 3672 1322 3715; x_wconf 91' lang='lat' dir='ltr'><strong>non</strong></span> <span class='ocrx_word' id='word_1_260' title='bbox 1367 3649 1641 3737; x_wconf 90' lang='lat' dir='ltr'><strong>ponitur</strong></span> <span class='ocrx_word' id='word_1_261' title='bbox 1670 3650 1743 3714; x_wconf 89' lang='lat' dir='ltr'><strong>iu</strong></span> <span class='ocrx_word' id='word_1_262' title='bbox 1773 3671 2048 3716; x_wconf 86' lang='lat' dir='ltr'><strong>numero</strong></span> <span class='ocrx_word' id='word_1_263' title='bbox 2078 3671 2309 3737; x_wconf 85' lang='lat' dir='ltr'><strong>regum</strong></span> <span class='ocrx_word' id='word_1_264' title='bbox 2356 3649 2429 3714; x_wconf 91' lang='lat' dir='ltr'><strong>in</strong></span> <span class='ocrx_word' id='word_1_265' title='bbox 2475 3650 2750 3715; x_wconf 88' lang='lat' dir='ltr'><strong>cronicis</strong></span> 
     </span>
     <span class='ocr_line' id='line_1_30' title="bbox 640 3749 2749 3840; baseline 0 -24"><span class='ocrx_word' id='word_1_266' title='bbox 640 3751 1034 3839; x_wconf 85' lang='lat' dir='ltr'><strong>Anglorum,</strong></span> <span class='ocrx_word' id='word_1_267' title='bbox 1080 3751 1238 3838; x_wconf 85' lang='lat' dir='ltr'><strong>quia</strong></span> <span class='ocrx_word' id='word_1_268' title='bbox 1283 3749 1586 3818; x_wconf 81' lang='lat' dir='ltr'><strong>mortuus</strong></span> <span class='ocrx_word' id='word_1_269' title='bbox 1631 3758 1734 3818; x_wconf 88' lang='lat' dir='ltr'><strong>est</strong></span> <span class='ocrx_word' id='word_1_270' title='bbox 1778 3757 1936 3818; x_wconf 89' lang='lat' dir='ltr'><strong>ante</strong></span> <span class='ocrx_word' id='word_1_271' title='bbox 1995 3757 2252 3840; x_wconf 86' lang='lat' dir='ltr'><strong>patrem</strong></span> <span class='ocrx_word' id='word_1_272' title='bbox 2298 3774 2509 3818; x_wconf 89' lang='lat' dir='ltr'><strong>suum.</strong></span> <span class='ocrx_word' id='word_1_273' title='bbox 2602 3753 2749 3818; x_wconf 85' lang='lat' dir='ltr'><strong>Rex</strong></span> 
     </span>
     <span class='ocr_line' id='line_1_31' title="bbox 642 3852 2748 3943; baseline -0.001 -23"><span class='ocrx_word' id='word_1_274' title='bbox 642 3859 868 3920; x_wconf 88' lang='lat' dir='ltr'><strong>autem</strong></span> <span class='ocrx_word' id='word_1_275' title='bbox 915 3852 1248 3920; x_wconf 88' lang='lat' dir='ltr'><strong>Henricus</strong></span> <span class='ocrx_word' id='word_1_276' title='bbox 1291 3859 1480 3940; x_wconf 85' lang='lat' dir='ltr'><strong>pater</strong></span> <span class='ocrx_word' id='word_1_277' title='bbox 1522 3855 1933 3943; x_wconf 88' lang='lat' dir='ltr'><strong>propositum</strong></span> <span class='ocrx_word' id='word_1_278' title='bbox 1979 3876 2172 3919; x_wconf 89' lang='lat' dir='ltr'><strong>suum</strong></span> <span class='ocrx_word' id='word_1_279' title='bbox 2218 3875 2415 3942; x_wconf 87' lang='lat' dir='ltr'><strong>super</strong></span> <span class='ocrx_word' id='word_1_280' title='bbox 2459 3854 2748 3920; x_wconf 85' lang='lat' dir='ltr'><strong>divortio</strong></span> 
     </span>
     <span class='ocr_line' id='line_1_32' title="bbox 644 3955 2749 4044; baseline -0 -22"><span class='ocrx_word' id='word_1_281' title='bbox 644 3955 956 4044; x_wconf 89' lang='lat' dir='ltr'><strong>consequi</strong></span> <span class='ocrx_word' id='word_1_282' title='bbox 997 3978 1134 4022; x_wconf 91' lang='lat' dir='ltr'><strong>non</strong></span> <span class='ocrx_word' id='word_1_283' title='bbox 1195 3955 1476 4022; x_wconf 84' lang='lat' dir='ltr'><strong>valebat.</strong></span> <span class='ocrx_word' id='word_1_284' title='bbox 1567 3956 1669 4022; x_wconf 89' lang='lat' dir='ltr'><strong>De</strong></span> <span class='ocrx_word' id='word_1_285' title='bbox 1726 3957 1999 4044; x_wconf 87' lang='lat' dir='ltr'><strong>reliquis</strong></span> <span class='ocrx_word' id='word_1_286' title='bbox 2044 3957 2249 4021; x_wconf 87' lang='lat' dir='ltr'><strong>etiam</strong></span> <span class='ocrx_word' id='word_1_287' title='bbox 2292 3956 2496 4043; x_wconf 85' lang='lat' dir='ltr'><strong>gestis</strong></span> <span class='ocrx_word' id='word_1_288' title='bbox 2540 3955 2749 4044; x_wconf 89' lang='lat' dir='ltr'><strong>ipsius</strong></span> 
     </span>
     <span class='ocr_line' id='line_1_33' title="bbox 646 4056 2748 4147; baseline -0.001 -21"><span class='ocrx_word' id='word_1_289' title='bbox 646 4061 924 4126; x_wconf 88' lang='lat' dir='ltr'><strong>Henrici</strong></span> <span class='ocrx_word' id='word_1_290' title='bbox 983 4060 1156 4147; x_wconf 84' lang='lat' dir='ltr'><strong>regis</strong></span> <span class='ocrx_word' id='word_1_291' title='bbox 1213 4059 1428 4146; x_wconf 89' lang='lat' dir='ltr'><strong>patris</strong></span> <span class='ocrx_word' id='word_1_292' title='bbox 1482 4063 1776 4146; x_wconf 87' lang='lat' dir='ltr'><strong>tempore</strong></span> <span class='ocrx_word' id='word_1_293' title='bbox 1838 4058 2093 4124; x_wconf 90' lang='lat' dir='ltr'><strong>domini</strong></span> <span class='ocrx_word' id='word_1_294' title='bbox 2152 4057 2423 4124; x_wconf 83' lang='lat' dir='ltr'><strong>Thomae</strong></span> <span class='ocrx_word' id='word_1_295' title='bbox 2482 4056 2748 4123; x_wconf 85' lang='lat' dir='ltr'><strong>abbatis</strong></span> 
     </span>
     <span class='ocr_line' id='line_1_34' title="bbox 644 4160 3056 4248; baseline -0.003 -18"><span class='ocrx_word' id='word_1_296' title='bbox 644 4165 856 4230; x_wconf 90' lang='lat' dir='ltr'><strong>nostri</strong></span> <span class='ocrx_word' id='word_1_297' title='bbox 899 4162 1084 4230; x_wconf 85' lang='lat' dir='ltr'><strong>tertii</strong></span> <span class='ocrx_word' id='word_1_298' title='bbox 1113 4162 1187 4227; x_wconf 89' lang='lat' dir='ltr'><strong>in</strong></span> <span class='ocrx_word' id='word_1_299' title='bbox 1218 4161 1648 4248; x_wconf 87' lang='lat' dir='ltr'><strong>sequentibus</strong></span> <span class='ocrx_word' id='word_1_300' title='bbox 1692 4161 2025 4228; x_wconf 87' lang='lat' dir='ltr'><strong>referetur.</strong></span> <span class='ocrx_word' id='word_1_301' title='bbox 2074 4217 2083 4230; x_wconf 89' lang='lat'><strong><em>.</em></strong></span> <span class='ocrx_word' id='word_1_302' title='bbox 2117 4160 2249 4242; x_wconf 83' lang='lat' dir='ltr'><strong>Qui</strong></span> <span class='ocrx_word' id='word_1_303' title='bbox 2279 4165 2349 4226; x_wconf 90' lang='lat' dir='ltr'><strong>et</strong></span> <span class='ocrx_word' id='word_1_304' title='bbox 2392 4160 2549 4246; x_wconf 88' lang='lat' dir='ltr'><strong>ipse,</strong></span> <span class='ocrx_word' id='word_1_305' title='bbox 2578 4163 2747 4224; x_wconf 85' lang='lat' dir='ltr'><strong>tem·</strong></span> <span class='ocrx_word' id='word_1_306' title='bbox 2774 4161 3056 4242; x_wconf 67' lang='lat' dir='ltr'><strong>qonfirma-</strong></span> 
     </span>
     <span class='ocr_line' id='line_1_35' title="bbox 648 4232 3029 4362; baseline -0.001 -30"><span class='ocrx_word' id='word_1_307' title='bbox 648 4289 804 4355; x_wconf 87' lang='lat' dir='ltr'><strong>pore</strong></span> <span class='ocrx_word' id='word_1_308' title='bbox 831 4267 1030 4353; x_wconf 85' lang='lat' dir='ltr'><strong>hujus</strong></span> <span class='ocrx_word' id='word_1_309' title='bbox 1061 4266 1324 4331; x_wconf 87' lang='lat' dir='ltr'><strong>abbatis</strong></span> <span class='ocrx_word' id='word_1_310' title='bbox 1354 4265 1566 4330; x_wconf 84' lang='lat' dir='ltr'><strong>nostri</strong></span> <span class='ocrx_word' id='word_1_311' title='bbox 1597 4263 1907 4351; x_wconf 81' lang='lat' dir='ltr'><strong>Philippi,</strong></span> <span class='ocrx_word' id='word_1_312' title='bbox 1936 4266 2179 4350; x_wconf 82' lang='lat' dir='ltr'><strong>praeter</strong></span> <span class='ocrx_word' id='word_1_313' title='bbox 2207 4261 2373 4327; x_wconf 83' lang='lat' dir='ltr'><strong>alias</strong></span> <span class='ocrx_word' id='word_1_314' title='bbox 2399 4261 2745 4329; x_wconf 85' lang='lat' dir='ltr'><strong>libertates</strong></span> <span class='ocrx_word' id='word_1_315' title='bbox 2770 4232 3029 4362; x_wconf 48' lang='lat' dir='ltr'><strong>fflssrbyyto</strong></span> 
     </span>
     <span class='ocr_line' id='line_1_36' title="bbox 645 4363 2963 4456; baseline -0.002 -20"><span class='ocrx_word' id='word_1_316' title='bbox 645 4371 1044 4436; x_wconf 83' lang='lat' dir='ltr'><strong>monasterio</strong></span> <span class='ocrx_word' id='word_1_317' title='bbox 1093 4373 1322 4436; x_wconf 87' lang='lat' dir='ltr'><strong>nostro</strong></span> <span class='ocrx_word' id='word_1_318' title='bbox 1388 4390 1508 4456; x_wconf 90' lang='lat' dir='ltr'><strong>per</strong></span> <span class='ocrx_word' id='word_1_319' title='bbox 1552 4365 1965 4454; x_wconf 85' lang='lat' dir='ltr'><strong>Stephanum</strong></span> <span class='ocrx_word' id='word_1_320' title='bbox 2010 4388 2232 4454; x_wconf 87' lang='lat' dir='ltr'><strong>regem</strong></span> <span class='ocrx_word' id='word_1_321' title='bbox 2275 4370 2745 4432; x_wconf 85' lang='lat' dir='ltr'><strong>antecessorem</strong></span> <span class='ocrx_word' id='word_1_322' title='bbox 2770 4363 2963 4414; x_wconf 76' lang='lat' dir='ltr'><strong>Meaux</strong></span> 
     </span>
    </p>
   </div>
   <div class='ocr_carea' id='block_1_7' title="bbox 645 4429 3020 4557">
    <p class='ocr_par' dir='ltr' id='par_1_8' title="bbox 645 4429 3020 4557">
     <span class='ocr_line' id='line_1_37' title="bbox 645 4429 3020 4557; baseline -0.002 -18"><span class='ocrx_word' id='word_1_323' title='bbox 645 4493 841 4539; x_wconf 85' lang='lat' dir='ltr'><strong>suum</strong></span> <span class='ocrx_word' id='word_1_324' title='bbox 877 4493 1226 4552; x_wconf 84' lang='lat' dir='ltr'><strong>concessas,</strong></span> <span class='ocrx_word' id='word_1_325' title='bbox 1277 4470 1779 4538; x_wconf 85' lang='lat' dir='ltr'><strong>conventionem</strong></span> <span class='ocrx_word' id='word_1_326' title='bbox 1830 4491 1980 4557; x_wconf 83' lang='lat' dir='ltr'><strong>quae</strong></span> <span class='ocrx_word' id='word_1_327' title='bbox 2009 4469 2187 4535; x_wconf 87' lang='lat' dir='ltr'><strong>facta</strong></span> <span class='ocrx_word' id='word_1_328' title='bbox 2212 4467 2343 4534; x_wconf 86' lang='lat' dir='ltr'><strong>fuit</strong></span> <span class='ocrx_word' id='word_1_329' title='bbox 2373 4469 2552 4535; x_wconf 91' lang='lat' dir='ltr'><strong>inter</strong></span> <span class='ocrx_word' id='word_1_330' title='bbox 2580 4469 2745 4534; x_wconf 92' lang='lat' dir='ltr'><strong>Wil-</strong></span> <span class='ocrx_word' id='word_1_331' title='bbox 2769 4429 3020 4547; x_wconf 51' lang='lat' dir='ltr'><strong>ffifff</strong></span> 
     </span>
    </p>
   </div>
   <div class='ocr_carea' id='block_1_8' title="bbox 2769 4569 2963 4631">
    <p class='ocr_par' dir='ltr' id='par_1_9' title="bbox 2769 4569 2963 4631">
     <span class='ocr_line' id='line_1_38' title="bbox 2769 4569 2963 4631; baseline 0.015 -17"><span class='ocrx_word' id='word_1_332' title='bbox 2769 4569 2963 4631; x_wconf 72' lang='lat' dir='ltr'><strong>granta.</strong></span> 
     </span>
    </p>
   </div>
   <div class='ocr_carea' id='block_1_9' title="bbox 1458 4641 1798 4650">
    <p class='ocr_par' dir='ltr' id='par_1_10' title="bbox 1458 4641 1798 4650">
     <span class='ocr_line' id='line_1_39' title="bbox 1458 4641 1798 4650; baseline 0 1084"><span class='ocrx_word' id='word_1_333' title='bbox 1458 4641 1798 4650; x_wconf 95' lang='lat' dir='ltr'><strong> </strong></span> 
     </span>
    </p>
   </div>
   <div class='ocr_carea' id='block_1_10' title="bbox 647 4645 1118 4656">
    <p class='ocr_par' dir='ltr' id='par_1_11' title="bbox 647 4645 1118 4656">
     <span class='ocr_line' id='line_1_40' title="bbox 647 4645 1118 4656; baseline 0 1078"><span class='ocrx_word' id='word_1_334' title='bbox 647 4645 1118 4656; x_wconf 95' lang='lat' dir='ltr'><strong> </strong></span> 
     </span>
    </p>
   </div>
   <div class='ocr_carea' id='block_1_11' title="bbox 1121 4645 1329 4654">
    <p class='ocr_par' dir='ltr' id='par_1_12' title="bbox 1121 4645 1329 4654">
     <span class='ocr_line' id='line_1_41' title="bbox 1121 4645 1329 4654; baseline 0 1080"><span class='ocrx_word' id='word_1_335' title='bbox 1121 4645 1329 4654; x_wconf 95' lang='lat' dir='ltr'><strong> </strong></span> 
     </span>
    </p>
   </div>
   <div class='ocr_carea' id='block_1_12' title="bbox 1233 4730 2169 4800">
    <p class='ocr_par' dir='ltr' id='par_1_13' title="bbox 1233 4730 2169 4800">
     <span class='ocr_line' id='line_1_42' title="bbox 1233 4730 2169 4800; baseline -0.004 -16"><span class='ocrx_word' id='word_1_336' title='bbox 1233 4735 1248 4766; x_wconf 86' lang='lat'>¹</span> <span class='ocrx_word' id='word_1_337' title='bbox 1283 4731 1684 4800; x_wconf 71' lang='lat' dir='ltr'><strong>Huquncionem]</strong></span> <span class='ocrx_word' id='word_1_338' title='bbox 1707 4731 1999 4798; x_wconf 79' lang='lat' dir='ltr'><strong>Hugonem,</strong></span> <span class='ocrx_word' id='word_1_339' title='bbox 2020 4731 2086 4782; x_wconf 85' lang='lat' dir='ltr'><strong>R.</strong></span> <span class='ocrx_word' id='word_1_340' title='bbox 2110 4730 2169 4784; x_wconf 83' lang='lat' dir='ltr'><strong>C.</strong></span> 
     </span>
    </p>
   </div>
  </div>
 </body>
</html>
