3519 5734
794 804 924 866 200
1313 812 1678 863 PfflLIPPus
1721 808 1939 860 ABssAs
1986 810 2366 861 seconnus

796 1114 954 1182 CAP.
988 1112 1172 1193 XVI.
1220 1112 1318 1177 De
1353 1110 1775 1198 puryatione
1818 1109 1994 1195 reyis
2054 1118 2113 1176 et
2165 1110 2631 1197 episcoporum
2696 1130 2901 1196 super

975 1222 1183 1281 morte
1227 1213 1474 1283 Sancti
1521 1213 1789 1279 Thomce
1829 1212 2162 1299 martyris
2182 1240 2207 1290 ‚-
2262 1212 2345 1279 de
2373 1210 2901 1278 canonizatione

979 1317 1270 1404 ejusdem
1290 1344 1317 1395 ;
1373 1323 1433 1383 et
1478 1316 1785 1382 electione
1838 1314 2140 1382 Ricardi
2186 1313 2680 1403 archiepiscopi
2728 1314 2907 1381 Oan-

979 1418 1376 1487 mariensis,

467 1620 776 1680 A.D.1171,
895 1590 1074 1675 Rege
1119 1594 1344 1654 autem
1389 1589 1463 1652 in
1507 1587 1987 1653 Normanniam
2050 1586 2465 1667 adveniente,
2511 1564 2640 1674 ipsi
2700 1586 2911 1652 cardi·
2934 1592 3166 1655 Quadril.

473 1690 617 1738 ¹¹⁷²·
804 1693 986 1758 nales
1055 1697 1124 1757 et
1169 1692 1315 1756 alise
1360 1690 1615 1756 nobiles
1681 1712 1975 1776 personae
2034 1690 2211 1777 apud
2273 1690 2747 1756 monasterium
2792 1690 2912 1755 Sa-
2932 1674 2983 1726 P
3010 1663 3122 1711 ¹⁴⁷

467 1775 698 1920 {egndtyias-
807 1795 1109 1860 viniense
1154 1815 1274 1880 pro
1334 1792 1658 1878 colloquio
1703 1792 2007 1858 habendo
2054 1814 2427 1859 convenere.
2516 1802 2781 1873 Cumque
2839 1802 2912 1856 de

471 1912 603 1961 tione
624 1909 752 1960 with
810 1916 954 1971 pace
989 1897 1210 1952 ibidem
1259 1895 1362 1951 diu
1377 1895 1396 1928 ¹
1432 1900 1746 1951 tractatum
1802 1896 2028 1959 fuisset,
2067 1894 2383 1967 quoniam²
2417 1913 2522 1951 rex
2572 1895 2914 1951 mandatum

472 1979 560 2027 the
581 1976 742 2027 081·ᾶί-
814 1999 1018 2037 eorum
1055 1981 1319 2035 absolute
1349 1980 1552 2050 jurare
1587 1980 1889 2045 renuebat,
1932 1980 2005 2035 ab
2055 1980 2143 2035 eis
2197 1997 2333 2035 cum
2385 1979 2787 2051 indignatione
2822 1996 2911 2033 re-

468 2044 582 2095 ml‘
603 2049 656 2094 ⁸¹²
815 2066 1012 2131 cessit,
1070 2066 1133 2119 in
1185 2064 1310 2119 haec
1354 2063 1554 2127 verba,
1598 2062 1915 2129 “,”Redeo
1965 2064 2177 2135 inquit,
2234 2066 2271 2090 ‘⁴
2298 2064 2361 2118 in
2408 2064 2775 2127 Hiberniam,
2813 2060 2918 2116 ubi

475 2110 712 2227 {laifini
819 2154 857 2178 “
896 2150 1087 2205 multa
1120 2150 1268 2204 mihi
1304 2149 1666 2203 incumbunt.
1737 2148 1863 2205 Vos
1916 2154 2112 2204 autem
2152 2189 2164 2203 .
2204 2190 2219 2203 .
2260 2189 2273 2205 .
2314 2165 2419 2220 per
2473 2154 2691 2203 terram
2724 2163 2917 2202 meam

474 2244 705 2294 ranches.
817 2284 832 2299 .
871 2286 885 2299 .
927 2283 941 2297 .
975 2249 1234 2299 vestram
1268 2242 1624 2313 legationem
1661 2241 1967 2296 exercete?
2006 2282 2020 2296 .
2060 2241 2113 2295 .”
2177 2232 2505 2317 Sequente
2534 2237 2761 2297 tamen
2791 2232 2914 2309 die,

477 2324 512 2373 f.
537 2329 620 2373 ²⁵·
813 2336 1153 2422 episcopus
1201 2332 1677 2399 Londoniensis
1739 2338 1809 2397 et
1876 2334 2009 2397 duo
2070 2335 2513 2400 archidiaconi
2556 2357 2597 2399 a
2639 2356 2792 2422 rege
2836 2336 2922 2401 ad

813 2436 1178 2503 cardinales
1208 2441 1553 2513 venerunt,
1585 2442 1653 2499 et
1683 2456 1985 2501 concesso
2032 2436 2125 2501 eis
2170 2436 2349 2522 quod
2394 2437 2713 2524 petebant
2760 2438 2925 2503 civi-

812 2545 1025 2605 tatem
1071 2540 1397 2605 Abrincas
1459 2540 1704 2604 iterum
1774 2560 1923 2603 cum
1976 2560 2129 2626 rege
2182 2543 2535 2605 tractaturi
2596 2540 2919 2607 adierunt.

815 2643 960 2710 Ubi
1001 2665 1122 2708 rex
1166 2642 1480 2728 quicquid
1527 2641 1888 2707 cardinales
1954 2644 2411 2729 proponebant
2454 2642 2741 2730 benigne
2788 2665 2925 2709 sus-

817 2746 990 2831 cepit
1035 2749 1105 2810 et
1151 2745 1477 2810 concessit.
1571 2744 1704 2809 Sed
1768 2744 1925 2829 quia
1986 2766 2105 2809 rex
2165 2744 2383 2811 filium
2449 2768 2644 2810 suum
2704 2768 2924 2833 regem

817 2846 1042 2914 adesse
1087 2846 1373 2924 volebat,
1415 2851 1496 2911 ut
1565 2846 1742 2932 quod
1804 2847 1944 2934 ipse
2006 2847 2423 2934 promitteret
2466 2849 2644 2914 filius
2689 2850 2925 2915 confir-

817 2954 1046 3028 maret,
1095 2941 1417 3014 terminus
1487 2949 1549 3014 ei
1611 2949 1700 3014 ad
1766 2971 1968 3014 unam
2028 2943 2465 3036 septimanam
2508 2957 2611 3016 est
2657 2951 2921 3019 dilatus,

482 3063 565 3114 He
588 3078 769 3130 purges
819 3052 966 3116 Rex
1009 3071 1165 3140 ergo
1232 3051 1520 3139 primum
1587 3072 1785 3138 super
1834 3057 2045 3117 morte
2112 3051 2343 3118 Sancti
2390 3054 2657 3120 Thomae
2717 3054 2921 3120 archi-

481 3131 725 3248 }ffieffie
817 3155 1104 3243 episcopi
1147 3177 1214 3220 se
1244 3155 1571 3242 purgavit,
1594 3155 1831 3240 jurans
1862 3155 2039 3240 quod
2068 3177 2188 3222 nec
2215 3158 2528 3244 praecepit
2558 3178 2679 3222 nec
2709 3156 2921 3222 voluit

483 3263 636 3314 death
656 3265 719 3314 of
816 3263 896 3323 ut
971 3257 1494 3338 interficeretur3
1568 3257 1700 3335 sed,
1765 3256 2034 3341 quando
2100 3259 2382 3340 audivit,
2448 3260 2666 3325 doluit
2729 3258 2923 3325 vehe-

484 3331 691 3382 Becket.
819 3365 1086 3428 menter.
1180 3359 1314 3425 Sed
1341 3359 1499 3445 quia
1543 3360 1719 3444 quod
1766 3360 2015 3424 factum
2044 3360 2263 3426 fuerat
2308 3383 2393 3428 ex
2437 3384 2559 3428 sua
2586 3362 2923 3428 occasione

819 3463 1066 3528 factum
1133 3485 1274 3528 esse
1318 3463 1616 3541 timebat,
1667 3462 1748 3526 de
1794 3462 2245 3530 satisfactione
2290 3463 2377 3529 ad
2420 3471 2662 3531 nutum
2714 3465 2921 3529 cardi-

485 3575 711 3629 Articles
732 3577 793 3627 of
821 3566 1076 3631 nalium
1120 3565 1434 3653 praestitit
1468 3565 1941 3650 juramentum.
2036 3565 2222 3632 Tunc
2252 3566 2519 3652 quidem
2548 3568 2923 3653 injunctum

487 3657 796 3775 ffiffiffl}
824 3673 926 3735 est
970 3669 1032 3734 ei
1075 3691 1116 3734 a
1160 3667 1600 3734 cardinalibus
1659 3667 1838 3754 quod
1904 3689 1946 3732 a
2010 3669 2276 3735 domino
2321 3693 2495 3758 papa
2538 3669 2921 3735 Alexandro

488 3783 544 3827 to
565 3778 644 3844 by
653 3779 775 3831 him
824 3779 893 3838 et
938 3770 1076 3856 ejus
1121 3770 1440 3836 catholico
1485 3791 1847 3835 successore
1910 3791 2047 3835 non
2104 3771 2475 3854 recederet3
2520 3773 2697 3859 quod
2741 3774 2925 3837 inve-

824 3874 1004 3938 niret
1070 3895 1154 3939 cc.
1202 3861 1445 3937 milites
1507 3894 1622 3958 per
1689 3893 1939 3936 annum
2006 3873 2361 3960 integrum,
2407 3826 2715 3941 videlicet
2775 3875 2923 3940 uni-

825 3977 1058 4062 cuique
1126 3975 1416 4039 militum
1492 3995 1611 4038 ccc.
1675 3995 1922 4051 aureos,
1993 3977 2079 4040 ad
2143 3977 2585 4043 defensionem
2656 3979 2923 4046 Sanctae

825 4079 1042 4145 Terrae
1087 4077 1714 4157 lherosolimitanae3
1783 4077 1958 4163 quod
2002 4077 2087 4142 ab
2146 4079 2430 4144 instanti
2474 4086 2636 4146 tunc
2677 4083 2925 4147 nativi-

825 4187 968 4246 tate
1011 4180 1283 4244 Domini
1327 4199 1534 4263 usque
1599 4179 1674 4243 in
1731 4179 2097 4245 triennium
2141 4201 2397 4248 crucem
2441 4183 2779 4271 acciperet,
2824 4207 2925 4250 se-

826 4289 1069 4369 quente
1097 4285 1328 4347 aestate
1359 4281 1809 4347 Ierosolimam
1832 4280 2254 4368 profecturus,
2274 4284 2406 4348 nisi
2434 4307 2554 4372 per
2583 4286 2921 4352 dominum

827 4405 1064 4472 papam
1107 4382 1343 4448 fuisset
1387 4383 1784 4470 impeditus:
1852 4385 1909 4450 si
1952 4405 2110 4450 vero
2167 4385 2435 4452 interim
2502 4390 2769 4476 urgenti
2810 4412 2923 4456 ne-

900 4655 912 4684 ¹
951 4651 1062 4716 diu]
1101 4650 1309 4712 domini,
1333 4650 1522 4712 Quadr.
1989 4652 2010 4682 ⁸
2042 4654 2282 4719 exercete]
2322 4655 2472 4720 agite,
2497 4656 2683 4718 Quadr.

902 4736 924 4764 ²
957 4731 1207 4796 quoniam]
1247 4745 1416 4795 quam,
1441 4730 1627 4792 Quadr.
