3519 5734
1180 872 1526 925 memus
1568 870 1789 924 nus
1831 874 2184 925 smne.
2593 862 2722 927 429

627 1072 810 1119 acras
846 1055 1059 1134 terrae,
1090 1072 1241 1119 cum
1283 1051 1491 1118 libero
1534 1051 1822 1118 introitu
1849 1056 1920 1119 et
1948 1053 2141 1119 exitu
2171 1072 2288 1139 per
2314 1052 2726 1125 territorium
2748 1068 2887 1123 AD.
2911 1074 3035 1123 1221

628 1157 711 1223 de
756 1156 1041 1245 Hogate,
1083 1159 1154 1223 et
1195 1176 1390 1221 usum
1433 1176 1626 1243 aquae
1670 1155 1755 1222 de
1798 1155 2067 1245 Hogate
2109 1156 2196 1221 ad
2237 1155 2462 1223 averia
2503 1160 2730 1223 nostra
2748 1142 2930 1190 ‘¹²³³·

628 1258 710 1326 de
790 1259 1347 1337 Blaunchemarle,
1429 1259 1693 1345 quoties
1776 1258 2172 1348 indigerent,
2239 1259 2432 1326 nobis
2497 1262 2728 1327 contu-

622 1359 748 1429 lit.¹
884 1362 1019 1429 Sed
1081 1368 1152 1429 et
1238 1360 1405 1429 duos
1490 1360 1796 1429 selliones
1865 1366 1935 1428 et
1998 1366 2040 1428 2
2107 1362 2463 1451 perticatas
2525 1369 2724 1431 terrae

612 1458 874 1533 ibidem
932 1464 1237 1532 similiter
1294 1463 1716 1552 possidemus.
1824 1464 1918 1531 Et
1983 1464 2268 1531 Thomas
2329 1465 2412 1533 de
2475 1464 2728 1532 Ettona
2751 1476 3000 1544 Skyrena.

614 1568 860 1655 junior,
906 1568 989 1635 de
1034 1588 1167 1655 quo
1227 1568 1595 1655 proefertur,
1641 1568 2010 1634 manerium
2053 1590 2248 1635 suum
2291 1570 2376 1635 de
2419 1567 2729 1655 Skyrena

625 1692 776 1737 cum
842 1670 981 1737 suis
1046 1669 1487 1757 pertinentiis,
1552 1674 1778 1737 totum
1848 1670 2162 1737 videlicet
2234 1672 2414 1759 quod
2465 1671 2728 1738 ¹habuit

623 1772 891 1853 ibidem,
935 1777 1005 1839 et
1050 1773 1357 1861 homagia
1399 1777 1471 1840 et
1514 1773 1792 1841 servitia
1852 1775 1936 1840 de
1979 1774 2198 1841 tribus
2264 1776 2590 1842 carucatis
2656 1779 2726 1840 et

623 1876 914 1965 quinque
957 1876 1225 1943 bovatis
1271 1880 1341 1943 et
1384 1877 1620 1943 clausis
1680 1877 1981 1955 diversiS,
2025 1898 2173 1944 cum
2219 1878 2462 1945 annuis
2505 1878 2724 1945 reddi-

494 2020 499 2025 ·
622 1980 809 2045 tibus
876 1979 1309 2061 denariorum,
1375 1981 1658 2047 duarum
1718 1980 2038 2047 librarum
2103 1982 2331 2048 cimini
2391 1987 2464 2047 et
2522 1981 2726 2049 unius

623 2082 813 2149 librae
854 2082 1114 2171 piperis,
1157 2089 1227 2150 et
1268 2087 1494 2150 totum
1536 2084 1892 2151 servitium
1951 2084 2308 2151 liberorum
2348 2086 2725 2151 tenentium

625 2186 707 2251 de
752 2186 867 2253 eod
876 2206 980 2252 em
1022 2185 1213 2253 feodo
1246 2189 1331 2253 in
1376 2188 1605 2253 eadem
1650 2187 1832 2265 villa,
1880 2192 1951 2252 et
2009 2206 2236 2253 omnes
2293 2186 2594 2253 homines
2651 2188 2724 2252 in

624 2289 853 2355 eadem
896 2290 1061 2355 villa
1104 2310 1241 2356 non
1284 2290 1492 2357 libere
1536 2294 1864 2369 tenentes,
1911 2310 2062 2355 cum
2121 2295 2270 2355 tota
2329 2289 2596 2376 sequela.
2655 2294 2725 2355 et

623 2393 877 2459 catallis
919 2392 1293 2472 eorundem,
1342 2398 1413 2457 et
1454 2392 1956 2459 advocationem
2001 2393 2286 2459 ecclesiae
2328 2392 2411 2459 de
2455 2393 2727 2459 Hotona
2747 2396 2970 2475 Hotona'.

623 2518 772 2563 cum
816 2496 1064 2582 capella
1106 2495 1189 2560 de
1222 2494 1545 2581 Skyrena,
1576 2500 1647 2560 et
1688 2497 1912 2561 totum
1941 2496 2120 2583 quod
2161 2494 2401 2562 habuit
2441 2496 2516 2560 in
2544 2495 2725 2560 villis
2748 2512 3000 2565 cmunee·

626 2600 707 2665 de
754 2598 1028 2664 Hotona
1071 2602 1141 2663 et
1188 2595 1668 2683 Crauncewyk,
1696 2618 1847 2663 cum
1891 2597 2166 2665 servitio
2193 2620 2302 2665 xv.
2332 2596 2726 2663 bovatamm
2747 2580 2886 2646 vyk.

625 2706 821 2767 terrae
864 2700 939 2765 in
983 2698 1249 2781 eisdem,
1282 2718 1431 2785 quae
1477 2698 1703 2765 omnia
1746 2701 2023 2766 tenebat
2052 2700 2135 2766 de
2163 2699 2356 2767 nobis
2383 2700 2458 2765 in
2487 2700 2723 2787 capite,

624 2802 816 2870 nobis
859 2803 933 2867 in
974 2822 1209 2890 puram
1235 2802 1261 2841 ²
1306 2803 1789 2890 eleemosynam
1833 2801 2224 2870 conferebat.
2329 2802 2730 2870 Procedente

624 2927 785 2972 vero
826 2909 1136 2992 tempore,
1181 2905 1541 2993 aliquantae
1582 2911 1780 2974 terres
1837 2906 2192 2972 liberorum
2237 2906 2610 2972 tenentium
2654 2908 2724 2972 in

627 3009 825 3075 dictis
890 3007 1068 3073 villis
1136 3007 1222 3073 ad
1287 3029 1525 3073 manus
1590 3013 1850 3075 nostras
1913 3014 2072 3075 sunt
2134 3009 2482 3087 devolutae,
2557 3009 2729 3076 sicut

624 3115 854 3200 postea
895 3111 1227 3176 referetur.
1336 3109 1665 3176 Robertus
1708 3116 1937 3177 autem
1979 3112 2159 3178 filius
2204 3110 2458 3178 odardi
2503 3111 2728 3179 fratris
2750 3129 2997 3198 Skyrena.

619 3205 790 3280 'dicti
835 3214 1105 3280 Thomas
1166 3211 1352 3279 dedit
1418 3214 1613 3306 nobis
1672 3215 1821 3302 ipsa
1883 3214 2014 3280 duo
2075 3215 2250 3282 tofta
2292 3236 2444 3302 quae
2511 3217 2728 3284 dictus

624 3315 905 3384 Thomas
948 3323 1226 3406 patruus
1269 3339 1426 3383 suus
1470 3315 1533 3383 ei
1578 3317 1970 3383 conferebat.
2084 3318 2454 3385 Willelmus
2524 3321 2726 3386 etiam

622 3419 797 3486 filius
840 3421 1110 3488 Thomae
1154 3421 1237 3487 de
1280 3421 1531 3488 Ettona
1590 3421 1881 3500 senioris,
1926 3422 2008 3488 de
2069 3419 2408 3509 prae'dictis
2469 3423 2729 3491 duabus

623 3523 945 3588 carucatis
986 3528 1184 3589 terrae
1204 3519 1231 3560 ⁸
1274 3545 1438 3610 quas
1480 3545 1525 3590 a
1567 3527 1757 3610 patre
1819 3545 1938 3590 suo
2000 3531 2357 3614 acceperat,
2402 3526 2568 3592 duas
2609 3527 2726 3593 bo-

622 3631 815 3692 vatas
860 3629 930 3690 et
973 3625 1137 3690 duas
1180 3647 1363 3691 acras
1406 3631 1606 3692 terrae
1634 3627 1827 3692 nobis
1865 3628 2352 3716 imperpetuum
2397 3633 2724 3720 erogabat.

627 3727 993 3794 Residuum
1035 3748 1195 3794 vero
1242 3727 1568 3793 dictarum
1588 3727 1615 3766 ⁴
1682 3730 1966 3796 duarum
2029 3739 2486 3800 carucatarum
2530 3742 2727 3802 terrae

624 3835 695 3898 et
739 3835 890 3897 octo
931 3829 1253 3896 tostorum
1285 3830 1335 3895 J
1336 3829 1583 3896 ohanni
1628 3830 1768 3896 filio
1811 3835 1882 3898 et
1925 3832 2152 3899 heredi
2182 3855 2301 3901 suo
2331 3837 2726 3924 dereliquit3

625 3955 777 4024 quae
818 3939 1051 4022 postea
1092 3933 1616 4020 acquirebamus,
1658 3933 1832 4002 sicut
1874 3935 1950 4001 in
1991 3943 2289 4024 tempore
2333 3959 2453 4005 suo
2495 3939 2728 4006 refere-

623 4043 753 4105 tur.
873 4037 1143 4102 Mortuo
1188 4055 1345 4102 vero
1389 4035 1437 4102 J
1441 4034 1689 4102 ohanni
1755 4036 1839 4103 de
1902 4037 2248 4127 Harpham
2311 4041 2581 4121 seniore,
2644 4044 2726 4110 de
2750 4065 2966 4120 Oktona.

624 4161 757 4227 quo
800 4139 1195 4227 praedictum
1238 4141 1359 4220 est,
1404 4161 1555 4206 cum
1598 4139 1646 4206 J
1650 4137 1941 4207 ohannes
1998 4143 2178 4209 fflius
2222 4143 2362 4229 ejus
2423 4143 2508 4212 de
2551 4146 2724 4213 dono

624 4265 741 4309 seu
783 4242 1105 4330 promisso
1148 4242 1363 4336 patris
1424 4243 1527 4308 sui
1593 4241 1787 4309 nobis
1853 4243 2229 4311 satisfacere
2289 4267 2428 4313 non
2486 4254 2724 4336 posset,

622 4367 741 4433 pro
785 4367 863 4413 eo
908 4345 1086 4433 quod
1131 4345 1353 4411 omnia
1395 4367 1547 4433 quse
1590 4347 1678 4412 ad
1722 4368 1874 4414 eum
1939 4347 2366 4435 pertinebant
2407 4351 2564 4420 fisco
2607 4355 2724 4421 ad—

692 4631 707 4660 ¹
741 4627 1021 4694 cantalar-it]
1068 4599 1477 4682 contulerunt'in
1510 4627 1572 4680 B.
1607 4651 1622 4692 ς
1790 4633 1811 4663 ⁸
1841 4631 1996 4686 Asta·
2018 4641 2175 4700 ειη-ω,
2195 4635 2252 4688 in
2275 4635 2512 4707 Skyma
2531 4641 2722 4696 iata-li-

623 4708 965 4770 conferebant,
986 4705 1047 4760 P.
1724 4713 1904 4762 ncatcd
1919 4713 1976 4764 in
1997 4715 2058 4768 P.

691 4789 713 4819 ι
737 4787 943 4856 m]
979 4793 1287 4852 perpetum
1306 4787 1368 4838 P,
1791 4791 1812 4820 ⁴
1842 4790 2110 4862 dictarum]
2144 4795 2362 4864 illarum,
2382 4799 2444 4852 P.
