3519 5734
1203 864 1403 919 noco
1446 864 1660 917 ABBAS
1706 866 2023 927 Qum'ms.
2521 850 2648 917 389

559 1049 599 1076 “
642 1036 931 1119 bebunt‚'
960 1046 1029 1107 et
1074 1043 1387 1127 quatinus
1432 1065 1656 1109 omnes
1712 1067 1755 1110 a
1813 1042 2098 1130 peccatis
2139 1040 2489 1107 absolvant
2533 1040 2647 1125 qui
2672 1046 2810 1099 Λᾶ).
2845 1053 2989 1102 1212.

559 1152 595 1179 “
638 1166 941 1230 guerram
1016 1148 1249 1209 contra
1322 1150 1390 1211 te
1464 1143 1797 1210 voluerint
1863 1144 2186 1209 inchoare.
2287 1142 2400 1207 Et
2471 1141 2649 1223 noe,’'

555 1246 794 1331 inquit,
860 1254 901 1282 “
920 1246 1323 1313 absolvimus
1386 1268 1614 1313 omnes
1666 1252 1737 1313 et
1795 1248 2088 1335 singulos
2155 1247 2270 1332 qui
2346 1267 2649 1333 guerram

554 1356 591 1383 “
636 1354 864 1415 contra
908 1354 977 1414 te
1021 1348 1245 1435 aliquo
1290 1349 1485 1415 modo
1516 1370 1647 1436 quo
1676 1348 1992 1415 sciverint
2021 1354 2091 1414 et
2120 1348 2429 1436 poterint,
2462 1349 2651 1435 quasi

557 1460 590 1485 “
634 1456 865 1517 contra
907 1450 1255 1517 inimicum
1300 1452 1428 1518 Dei
1472 1457 1543 1518 et
1600 1451 1887 1519 ecclesiae
1945 1452 2223 1530 hostem,
2265 1451 2339 1516 in
2383 1474 2650 1517 suorum

556 1561 589 1587 ‘⁴
634 1552 1080 1619 remissionem
1146 1558 1558 1641 peccatorum
1636 1554 1972 1621 voluerint
2044 1554 2344 1620 iterare.'’
2463 1552 2651 1619 Tunc

554 1676 673 1721 rex
718 1656 836 1737 ait,
885 1665 919 1692 “
944 1656 1125 1737 Quid
1170 1656 1341 1722 mihi
1383 1657 1565 1723 ultra
1608 1658 1822 1723 facere
1866 1656 2177 1745 potuistis
2201 1654 2280 1721 ‘4³³'
2368 1655 2480 1722 Ad
2509 1656 2650 1722 haec

554 1757 830 1845 legatus,
877 1767 911 1794 “
931 1756 1134 1839 Nos,”
1196 1758 1435 1846 inquit,
1505 1766 1543 1797 ‘⁸
1566 1759 1745 1825 ultra
1792 1759 2090 1838 dicimus,
2136 1758 2209 1823 in
2253 1756 2458 1824 verbo
2503 1758 2646 1839 Dei,

557 1869 589 1895 “
635 1860 812 1947 quod
877 1884 997 1927 nec
1058 1866 1141 1927 tu
1206 1884 1327 1928 nec
1389 1862 1581 1929 heres
1644 1884 1839 1948 quem
1899 1861 2141 1928 habere
2203 1860 2453 1947 poteris
2497 1865 2650 1948 post

558 1970 593 1999 ‘⁶
639 1963 815 2029 hunc
859 1964 1035 2029 diem
1080 1964 1319 2031 debeat
1363 1963 1715 2031 coronari.''
1771 1999 1776 2005 ·
1807 1963 1964 2029 Hiis
1983 1962 2002 2001 ¹
2053 1986 2208 2051 ergo
2239 1963 2489 2029 auditis
2531 1986 2652 2029 rex

557 2066 833 2147 dicebat,
878 2072 917 2103 ‘⁴
936 2065 1013 2132 Si
1058 2087 1217 2132 vero
1262 2072 1423 2135 ante
1466 2066 1831 2132 adventum
1875 2070 2176 2132 vestrum
2221 2065 2296 2131 in
2339 2065 2652 2154 Angliam

560 2176 591 2203 “
636 2168 1087 2257 cognovissem
1130 2191 1251 2235 vos
1280 2169 1445 2235 mihi
1477 2191 1652 2235 nova
1678 2168 2059 2256 hujusmodi
2088 2168 2412 2234 relaturos
2437 2168 2652 2244 fiiisse,

560 2281 594 2310 “
637 2294 756 2337 vos
820 2294 939 2359 per
998 2294 1208 2339 unum
1268 2294 1521 2338 annum
1579 2271 1920 2359 integrum
1964 2271 2258 2337 fecissem
2302 2262 2656 2357 equitare.'’

558 2374 1063 2462 Suspensionem
1125 2396 1283 2441 vero
1345 2375 1419 2439 in
1485 2374 1786 2462 patibulo
1851 2376 1870 2405 ⁸
1891 2396 2026 2440 non
2044 2374 2060 2405 ’
2107 2374 2238 2439 nisi
2283 2374 2654 2460 aequivoca-

556 2478 741 2543 tione
785 2477 1217 2565 equitationis
1261 2498 1461 2543 ausus
1508 2478 1731 2544 fuerat
1761 2478 2118 2565 propalare.
2179 2478 2366 2543 Tunc
2396 2499 2654 2565 quoque
2679 2483 2963 2563 sunnon-{es

555 2582 870 2669 praecepit
932 2604 1053 2647 rex
1118 2580 1436 2669 quosdam
1504 2580 1577 2645 in
1645 2602 1900 2647 carcere
1959 2578 2222 2646 vinctos
2265 2580 2537 2667 produci
2580 2580 2654 2645 in
2679 2557 2949 2667 ἓᾙξιὲᾚζ

555 2684 867 2765 medium,
914 2705 1079 2771 quos
1122 2704 1338 2749 coram
1384 2682 1685 2770 praefatis
1728 2682 1965 2770 legatis
2008 2682 2214 2749 variis
2255 2682 2474 2769 poenis
2509 2683 2652 2769 jus·
2680 2682 2854 2748 dulph.

555 2791 735 2852 serat
778 2786 1115 2865 trucidari,
1161 2793 1241 2852 ut
1298 2807 1417 2874 per
1475 2786 1605 2853 hoc
1653 2785 1866 2875 legati
1911 2792 2095 2853 metu
2139 2785 2376 2852 saltem
2419 2786 2656 2852 mortis

553 2890 953 2958 sententiam
998 2891 1071 2955 in
1113 2911 1337 2978 regem
1381 2890 1641 2956 illatam
1688 2890 2004 2956 deberent
2047 2911 2374 2957 revocare.
2437 2887 2652 2956 Educ-

551 2999 657 3059 tos
723 2993 991 3081 quidem
1058 2992 1357 3080 captivos
1423 3014 1643 3058 coram
1706 3015 1777 3059 se
1839 2992 2002 3059 alios
2054 2993 2260 3079 jussit
2319 2993 2654 3080 suspendi,

551 3094 713 3162 alios
775 3095 993 3162 oculos
1056 3095 1237 3175 erui;
1297 3095 1477 3166 inter
1543 3117 1733 3182 quos,
1773 3117 1950 3164 unus
2011 3095 2287 3162 clericus
2347 3101 2492 3163 erat
2537 3095 2654 3183 qui
2678 3103 2950 3182 Ifandulph

551 3197 854 3265 falsarius
915 3203 1202 3265 monetae
1270 3197 1469 3286 regiae
1546 3197 1908 3278 dicebatur,
1978 3217 2176 3284 quem
2249 3213 2370 3264 rex
2438 3198 2654 3286 primo
2678 3171 2968 3290 ἓξῗξξξιξ

553 3301 832 3368 distrahi
895 3306 965 3368 et
1026 3307 1257 3389 postea
1326 3301 1639 3388 suspendi
1683 3298 2126 3389 praecipiebat.
2220 3300 2437 3381 Quam
2481 3301 2654 3389 regis
2679 3305 2965 3357 execution.

552 3405 949 3470 sententiam
1018 3405 1090 3470 in
1136 3405 1441 3471 clericum
1487 3403 1924 3492 Pandulphus
1992 3403 2364 3482 advertens„
2411 3403 2654 3470 librum

552 3512 620 3572 et
664 3529 923 3573 cereum
991 3509 1077 3572 ad
1142 3529 1365 3594 regem
1426 3505 2135 3574 excommunicandum
2177 3507 2427 3594 absque
2471 3529 2656 3573 mora

550 3607 775 3694 aliqua
846 3609 1233 3696 postulavit.
1357 3609 1489 3676 Sed
1558 3614 1626 3675 et
1688 3608 1830 3697 ipse
1896 3608 2329 3697 Pandulphus
2387 3631 2655 3676 cereum

550 3712 790 3778 anxius
819 3710 1228 3798 exquirebat.
1292 3710 1499 3796 Cujus
1528 3711 2026 3778 festinationem
2071 3734 2192 3778 rex
2222 3712 2653 3802 perpendenS,

550 3814 857 3881 clericum
900 3837 1103 3880 manu
1148 3813 1317 3882 tulit
1362 3818 1431 3879 et
1461 3813 1858 3902 Pandulpho
1903 3813 2188 3881 liberum
2234 3815 2651 3881 restituebat.

550 3918 840 4006 Accepto
884 3939 1145 4005 quoque
1190 3917 1442 3995 cleri00‚
1484 3916 1694 4005 legati
1738 3916 1869 4005 ipsi
1913 3917 2000 3983 ad
2045 3938 2238 3982 suum
2284 3917 2648 4005 hospitium
2674 3928 2788 3979 The
2800 3930 2987 3997 legates

549 4018 844 4109 regressi,
900 4043 1062 4099 ,cum
1129 4043 1199 4087 se
1266 4024 1609 4086 cernerent
1674 4041 1897 4108 regem
1957 4019 2178 4108 ipsum
2253 4043 2296 4086 a
2360 4020 2646 4087 nefando
2671 4003 2846 4118 ἓξὲξ
2867 4005 2920 4048 ‘⁰

550 4123 883 4212 proposito
927 4145 1065 4189 non
1090 4117 1293 4210 'posse
1336 4145 1657 4205 revocare,
1692 4121 1973 4188 Romam
2017 4123 2104 4188 ad
2147 4129 2446 4188 sanctum
2492 4145 2646 4212 apo-

551 4226 854 4293 stolicum
883 4225 1238 4293 redierunt.
1329 4226 1477 4292 Hoc
1526 4233 1754 4292 tamen
1799 4247 1992 4304 amic,
2036 4223 2180 4312 ipse
2223 4247 2396 4314 papa
2442 4226 2646 4293 Inno-
2670 4241 2933 4296 Adminis-

552 4327 805 4396 centius
852 4331 954 4394 3¹¹⁸
1000 4327 1321 4395 concessit
1364 4327 1601 4394 missas
1644 4329 1717 4392 in
1764 4327 2052 4394 ecclesiis
2098 4329 2648 4412 conventualibus
2669 4311 2886 4428 {2⁶32}
2900 4319 2953 4362 ‘⁰

552 4431 881 4512 celebrari,
930 4431 1015 4498 ob
1081 4431 1541 4498 eucharistiam
1603 4436 1874 4518 propter
1931 4437 2214 4520 aegrotos
2259 4455 2645 4501 conservan-
2671 4446 2774 4496 and
2793 4416 2914 4510 bap:

550 4535 723 4615 dam,
768 4540 839 4602 et
882 4535 1193 4623 parvulos
1256 4532 1585 4622 baptizari
1652 4533 2065 4601 instituebat.
2163 4535 2447 4603 Interim
2500 4537 2646 4624 qui·
2672 4512 2964 4646 gffisfssss‘

1260 4777 1274 4807 ¹
1311 4769 1459 4842 Ηὶἰε]
1493 4775 1729 4842 repeated
1750 4775 1807 4826 in
1828 4774 1942 4828 MS.
