3519 5734
707 805 796 880 ’76
1368 825 1566 874 ADAM
1609 825 1831 876 Annas
1874 825 2147 877 ramus,

1046 1145 1131 1212 II.
1179 1146 1276 1214 De
1319 1167 1529 1214 causa
1561 1145 2027 1234 fundationis
2069 1153 2132 1216 et
2174 1145 2319 1215 situ
2362 1143 2509 1215 loci.

377 1335 502 1388 Earl
523 1339 584 1389 of
798 1340 1056 1428 Hujus¹
1105 1363 1390 1430 namque
1441 1344 1824 1410 monasterii
1883 1345 1964 1410 de
2029 1343 2239 1410 Melsa
2303 1343 2622 1410 fundator
2662 1345 2806 1409 erat

375 1403 669 1527 sslffiule
707 1441 1103 1512 Willielmus
1167 1444 1230 1512 le
1296 1445 1519 1526 Groos,
1582 1447 1929 1534 praeclarus
1990 1469 2202 1513 comes
2262 1447 2689 1513 Albemarliae
2734 1449 2803 1512 et

706 1546 1010 1613 dominus
1069 1549 1152 1614 de
1213 1547 1666 1616 Holdernesse.
1777 1549 1868 1615 Et
1929 1550 2069 1617 haec
2131 1572 2328 1616 causa
2394 1549 2802 1616 fundationis

704 1647 1016 1735 ejusdem.
1131 1648 1269 1717 Iste
1339 1651 1735 1717 Willielmus
1803 1673 2016 1718 comes
2082 1653 2190 1718 vir
2251 1657 2396 1719 erat
2412 1649 2443 1688 ²
2502 1651 2801 1717 nomina-

701 1752 997 1818 tissimus
1043 1758 1112 1818 et
1156 1755 1344 1840 quasi
1375 1754 1682 1820 dominus
1725 1755 1935 1820 totius
1964 1755 2325 1843 provinciae
2355 1752 2800 1821 Eboracensis

371 1861 603 1916 Foundn·
703 1854 1024 1942 Idemque
1067 1857 1198 1921 iter
1242 1855 1861 1922 Ierosolomitanum
1919 1857 1993 1922 in
2051 1863 2209 1924 voto
2274 1857 2577 1936 habebat,
2625 1856 2802 1942 quod

371 1947 636 2066 gestefffy
701 1962 972 2045 propter
1014 1958 1235 2025 aetatis
1279 1962 1349 2024 et
1407 1958 1694 2044 corporis
1762 1959 2161 2046 gravitatem
2216 1959 2488 2025 minime
2531 1958 2801 2024 valebat

371 2062 556 2128 Adam,
700 2059 1076 2146 adimplere.
1185 2058 1350 2126 Erat
1393 2064 1617 2126 autem
1677 2081 1756 2125 eo
1816 2065 2111 2150 tempore
2155 2062 2230 2127 in
2272 2061 2673 2128 monasterio
2719 2060 2801 2126 de

371 2196 666 2250 Fountain.
705 2162 1030 2229 Fontibus
1105 2162 1459 2228 monachus
1533 2162 1805 2248 quidam
1881 2163 2101 2230 dictus
2176 2163 2481 2230 dominus
2563 2163 2813 2248 Adam,

701 2269 930 2352 postea
972 2268 1196 2330 noster
1240 2265 1444 2331 abbas
1486 2263 1755 2352 primus,
1804 2266 1913 2330 vir
1972 2287 2246 2332 summae
2312 2265 2687 2354 prudentiae
2733 2271 2802 2330 et

700 2367 876 2432 inter
919 2367 1138 2456 plures
1181 2366 1374 2432 valde
1440 2366 1862 2449 nominatus3
1938 2368 2071 2454 qui,
2142 2368 2301 2435 dum
2358 2369 2435 2434 in
2502 2368 2801 2435 aedificiis

661 2461 1154 2536 ⁸construendis
1216 2469 1783 2550 monasteriorum,
1834 2469 2145 2536 videlicet
2209 2471 2290 2537 de
2357 2467 2797 2558 Kyrkestede,

702 2573 1061 2639 Wobornia
1104 2577 1174 2639 et
1217 2574 1544 2660 praecipue
1590 2573 1672 2638 de
1704 2572 1894 2639 Valle
1924 2573 2068 2653 Dei,
2113 2573 2302 2660 cujus
2347 2573 2561 2639 dictus
2590 2595 2801 2638 comes

699 2675 1012 2741 fundator
1055 2679 1215 2759 erat,
1247 2679 1674 2762 occuparetur
1719 2681 1790 2740 et
1835 2680 2006 2742 esset
2036 2676 2372 2755 sollicituS,
2402 2675 2605 2762 eoepit
2635 2675 2799 2741 dicti

700 2778 958 2855 comitis
1001 2778 1312 2844 notitiam
1371 2777 1750 2863 aliqualiter
1809 2777 2151 2844 obtinere.⁸
2264 2778 2371 2859 Et,
2434 2801 2584 2844 cum
2628 2799 2798 2844 com-

699 2879 975 2967 perisset
1019 2881 1235 2967 ipsum
1265 2880 1571 2947 comitem
1617 2884 1883 2968 propter
1928 2882 2073 2947 voti
2112 2881 2215 2949 sui
2260 2882 2579 2969 praemissi
2623 2883 2795 2948 solu-

701 2983 946 3049 tionem
993 2982 1269 3048 anxium
1332 3004 1488 3063 esse,
1533 2983 1861 3069 suggessit
1922 2984 2135 3049 eidem
2195 2987 2274 3049 ut
2319 2984 2795 3050 monasterium

699 3086 963 3171 aliquod
1010 3084 1458 3151 Cisterciensis
1503 3084 1752 3151 ordinis
1811 3085 1883 3151 in
1943 3086 2462 3173 redemptionem
2503 3088 2647 3153 voti
2692 3088 2795 3153 sui

698 3188 1022 3267 fundaret,
1086 3186 1470 3275 adjungens·
1524 3188 1716 3274 quod,
1788 3189 1845 3253 si
1906 3188 2028 3254 hoc
2100 3189 2459 3256 secundum
2533 3190 2799 3257 ordina-

698 3292 945 3356 tionem
1013 3311 1203 3355 suam
1261 3290 1622 3377 perficeret,
1665 3291 1805 3377 ipse
1852 3291 1997 3356 voti
2057 3291 2159 3357 sui
2226 3292 2709 3358 absolutionem
2754 3316 2797 3359 a

369 3412 558 3465 Choioe
579 3414 640 3467 of
698 3394 965 3459 domino
1024 3414 1198 3479 papa
1262 3394 1663 3479 impetraret.
1774 3390 2041 3459 Annuit
2108 3415 2321 3461 comes
2388 3396 2691 3483 petitum,
2739 3395 2795 3461 si

365 3478 586 3547 locality.
698 3518 891 3562 suum
959 3496 1174 3562 dictus
1237 3494 1457 3561 Adam
1533 3502 2043 3563 consummasset
2105 3497 2513 3584 promissum.
2626 3498 2795 3565 Cum

697 3598 905 3686 igitur
949 3598 1165 3665 dictus
1195 3598 1430 3677 Adam,
1462 3596 1898 3684 coadjuvante
1928 3621 2079 3665 eum
2120 3599 2320 3667 beato
2348 3605 2539 3688 patre
2568 3607 2794 3669 nostro

699 3701 1038 3767 Bernardo
1103 3722 1259 3786 erga
1324 3700 1667 3766 dominum
1729 3722 1967 3787 papam
2033 3701 2408 3789 Eugenium
2474 3702 2797 3786 tertium,⁴

697 3808 858 3869 tunc
900 3802 974 3869 in
1021 3802 1255 3867 Galliis
1299 3806 1830 3884 commorantem,
1877 3803 2217 3891 negotium
2262 3804 2675 3892 praemissum
2712 3808 2793 3873 ad

695 3906 897 3971 finem
926 3905 1342 3993 perduxisset
1370 3909 1692 3992 optatum,
1724 3906 1960 3971 circuit
2000 3911 2069 3973 et
2096 3907 2517 3995 perambulat
2545 3906 2795 3995 praedia

696 4013 765 4074 et
807 4010 1240 4095 possessiones
1300 4007 1508 4095 ipsius
1575 4008 1853 4087 comitis,
1914 4008 2130 4074 locum
2196 4010 2609 4077 commodum
2653 4033 2791 4077 mo—

694 4112 986 4177 nasterio
1030 4109 1417 4177 {edificando
1447 4110 1694 4197 ubique
1735 4112 2089 4198 requirens
2184 4112 2483 4200 Cumque
2526 4115 2788 4181 demum

695 4215 780 4279 ad
824 4214 1040 4279 locum
1071 4234 1219 4299 quae
1263 4213 1474 4279 Melea
1501 4212 1846 4279 dicebatur
1884 4214 2279 4294 advenisset,
2310 4218 2793 4304 contemplatur

693 4316 908 4381 locum
971 4314 1351 4380 nemoribus
1394 4319 1465 4379 et
1507 4314 1809 4382 frutectis
1868 4316 2212 4396 consitum,
2260 4320 2449 4404 aquis
2492 4325 2563 4385 et
2604 4320 2791 4407 palu-

991 4479 1126 4486 -.——

763 4587 776 4617 ¹
813 4583 1010 4651 Hujus]
1051 4582 1224 4648 Cujus,
1245 4583 1308 4635 1’.
1792 4584 1883 4649 ing
1954 4584 2014 4635 of
2092 4586 2217 4637 both
2288 4584 2440 4639 MSS.
2510 4588 2567 4638 in
2636 4604 2790 4655 every

761 4667 784 4697 ²
815 4666 893 4713 vir
914 4663 1048 4729 erat]
1087 4670 1196 4714 erat
1214 4662 1310 4723 vir,
1332 4664 1390 4713 P.
1792 4663 2033 4715 instance.

762 4748 782 4775 ⁸
815 4742 1052 4809 obtinere]
1107 4742 1365 4808 optinere3
1413 4741 1499 4791 the
1541 4741 1689 4806 spell-
1858 4744 1878 4773 ⁴
1912 4744 2127 4811 ter-timu]
2168 4744 2393 4811 wanting
2414 4746 2469 4797 in
2492 4746 2551 4799 P.
