3519 5734
1263 835 1460 885 mmo
1504 831 1723 885 Annas
1768 833 2089 893 eumerus,
2584 813 2715 882 357

617 1027 766 1093 quae
809 1007 1020 1076 currit
1061 1009 1144 1076 de
1189 1005 1584 1074 Lambwath
1627 1006 1807 1074 inter
1851 1007 1977 1073 Est
2020 1005 2597 1094 Benyngholmum
2642 1007 2711 1068 et
2736 1007 2875 1061 ΑΒ.
2891 1013 3019 1062 1210

621 1109 808 1178 West
837 1111 1432 1200 Benyngholmum,
1465 1133 1581 1198 per
1616 1111 1960 1198 grangiam
2003 1111 2297 1200 ipsarum
2324 1107 2710 1175 monialium
2734 1083 2918 1178 ‘¹²3⁰‘

618 1211 704 1278 de
775 1213 1174 1300 Fayrholmo
1235 1214 1539 1280 totaliter
1558 1211 1578 1252 ¹
1659 1212 2099 1280 descendebat
2122 1214 2148 1252 ²
2212 1213 2299 1279 ad
2364 1211 2715 1277 mariscum

619 1314 702 1380 de
767 1315 1090 1404 Waghna
1155 1322 1226 1384 et
1285 1337 1404 1404 per
1471 1315 1829 1402 Forthdyk
1894 1317 1969 1382 in
2030 1337 2273 1402 aquam
2339 1315 2423 1381 de
2488 1313 2711 1380 Hullo,

618 1415 890 1505 Nosque
941 1420 1086 1504 juri
1151 1420 1328 1506 quod
1387 1418 1744 1505 aliquando
1790 1419 2144 1486 habuimus
2189 1419 2263 1484 in
2308 1417 2587 1505 grangia
2630 1417 2713 1484 de
2737 1417 2955 1482 Belagh.

619 1517 908 1606 Belaghe
936 1525 1008 1586 et
1037 1519 1484 1607 Akenberghe
1515 1525 1586 1585 et
1613 1519 1688 1584 in
1719 1519 1865 1606 ipsa
1895 1520 2309 1607 Fayrholme,
2340 1543 2491 1606 quae
2535 1526 2713 1584 recto
2738 1513 3047 1580 Fayrholme

619 1622 888 1688 nomine
936 1622 1405 1689 Scithelholme
1471 1627 1672 1688 antea
1733 1623 2115 1703 vocabatur,
2160 1629 2229 1689 et
2272 1624 2347 1688 in
2394 1623 2537 1708 ipso
2588 1621 2717 1686 fos-

619 1729 764 1788 sato
809 1723 986 1812 quod
1029 1725 1418 1792 extenditur
1445 1723 1529 1790 de
1574 1724 1974 1811 Fayrholmo
2020 1747 2227 1811 usque
2272 1723 2359 1790 ad
2404 1726 2717 1811 Benyng-

617 1825 912 1892 hohnum
975 1831 1046 1892 et
1109 1827 1287 1912 quod
1347 1827 1734 1892 extenditur
1798 1827 1882 1894 de
1930 1825 2333 1912 Fayrholmo
2376 1847 2587 1912 usque
2630 1825 2719 1890 ad

619 1949 908 1994 marram
969 1929 1051 1994 de
1119 1929 1370 2010 Swina,
1439 1929 1638 1996 dietis
1705 1931 2105 1997 monialibus
2172 1929 2711 1996 renuntiavimus

620 2035 689 2096 et
710 2029 738 2068 ³
783 2031 1086 2118 quietum
1129 2031 1556 2097 clamavimus
1597 2031 2102 2119 imperpetuum.
2192 2032 2317 2099 Per
2361 2032 2713 2120 praesatum
2742 2027 2973 2120 Sauone.

620 2137 844 2197 autem
891 2131 1194 2198 Saierum
1262 2133 1344 2199 de
1390 2133 1698 2212 Suttona‚
1745 2135 1863 2220 qui
1922 2141 2183 2223 partem
2242 2137 2535 2222 ipsarum
2578 2155 2714 2198 mo·
2738 2107 2971 2223 {2232ss

623 2233 898 2299 uialium
967 2239 1200 2300 contra
1259 2257 1380 2301 nos
1445 2235 1520 2300 in
1563 2237 1871 2302 omnibus
1930 2239 2309 2326 adjuvabat,
2354 2237 2513 2302 facti
2556 2241 2716 2302 sunt
2739 2241 2870 2346 ἔφη

623 2336 892 2401 termini
949 2337 1023 2402 in
1079 2337 1398 2424 praedieto
1459 2337 1735 2404 marisco
1794 2340 1974 2406 inter
2020 2341 2393 2428 Waghnam
2446 2345 2515 2405 et
2561 2338 2717 2404 Sut-
2742 2305 3029 2425 ὲῖζᾞὶὼ

623 2442 850 2504 tonam
919 2461 1038 2526 per
1103 2441 1362 2518 lineata,
1409 2439 1584 2507 sieut
1643 2442 1717 2506 in
1780 2447 2077 2530 tempore
2120 2443 2388 2508 Ricardi
2455 2441 2719 2507 abbatis

625 2539 666 2608 '7
715 2548 940 2627 postea
981 2541 1346 2608 referetur.⁴
1409 2543 1546 2620 Et?
1591 2549 1837 2630 praeter
1881 2545 2023 2611 haee
2067 2545 2241 2610 mala
2285 2551 2355 2612 et
2394 2545 2526 2610 alia
2570 2565 2717 2630 quae

625 2641 843 2707 dietus
907 2643 1196 2728 Sayerus
1217 2642 1246 2682 ⁶
1306 2643 1498 2710 nobis
1557 2645 1818 2722 fecerat,
1867 2647 2079 2733 ipsam
2136 2652 2393 2733 partem
2458 2645 2719 2712 marisci

625 2743 706 2808 de
771 2743 1080 2823 Suttona‚
1143 2767 1342 2832 quam
1409 2753 1599 2832 pater
1671 2769 1831 2812 suus
1892 2748 2083 2814 nobis
2143 2748 2324 2836 prius
2345 2747 2373 2785 ⁷
2424 2747 2717 2828 dederat,
2742 2746 2925 2799 Sutton

623 2845 817 2911 nobis
885 2846 1172 2913 abstulit
1233 2847 1604 2916 violenter.⁸
1726 2849 1941 2938 Super
2007 2874 2156 2939 que,
2229 2851 2717 2918 interveniente
2740 2815 3055 2947 {imit-om-

622 2956 850 3015 nostra
893 2950 1357 3036 appellatione,
1405 2951 1714 3017 dominus
1762 2953 1945 3040 Papa
1988 2952 2216 3020 misit⁹
2262 2954 2521 3021 litteras
2567 2976 2717 3022 suas
2742 2909 2969 3013 migion.

623 3051 981 3117 abbatibus
1027 3050 1074 3117 J
1078 3053 1472 3118 orevallensi
1541 3058 1612 3119 et
1671 3054 1939 3124 Sanctae
1998 3056 2304 3143 Agathae,
2348 3078 2427 3121 ac
2472 3058 2719 3122 decano

627 3152 1200 3233 Riehemundiae,¹⁰
1275 3156 1598 3241 quatinus
1674 3179 1872 3243 super
1955 3158 2218 3243 injuriis
2288 3180 2405 3244 per
2465 3158 2719 3222 dietum

627 3254 946 3341 Sayerum
983 3253 1028 3292 ¹¹
1077 3256 1270 3321 nobis
1330 3256 1658 3345 irrogatis,
1721 3281 1870 3344 quae
1931 3268 2301 3345 sequuntur
2331 3258 2384 3297 ¹²
2427 3259 2719 3339 inferiuS,

626 3358 994 3425 convoeatis
1051 3358 1372 3446 partibus»,
1435 3382 1700 3425 eausam
1762 3361 2079 3427 audirent
2142 3368 2228 3441 et,
2275 3361 2721 3449 appellatione

697 3602 712 3633 ¹
749 3600 986 3667 totaliter]
1024 3600 1252 3666 wanting
1271 3602 1328 3652 in
1351 3602 1410 3653 P.
1789 3604 1810 3633 ⁸
1840 3601 1945 3653 hoec
1983 3640 1997 3654 .
2042 3639 2055 3654 .
2096 3640 2110 3654 .
2146 3601 2388 3670 Sayem]
2441 3602 2543 3654 alia
2590 3604 2724 3654 mala

693 3682 715 3713 ²
747 3678 1084 3744 descendebat]
1121 3679 1394 3743 deseendit,
1417 3682 1478 3731 1’.
1719 3696 1853 3747 (με,
1878 3683 1941 3731 P.

695 3762 714 3791 ³
750 3759 894 3809 dictis
927 3795 942 3809 .
967 3796 980 3810 .
1003 3796 1018 3811 .
1040 3758 1114 3825 et]
1153 3774 1276 3823 pure
1314 3766 1367 3810 et
1403 3760 1630 3811 absolute
1788 3763 1807 3791 '¹
1835 3760 2007 3827 prius]
2045 3760 2271 3828 wanting
2292 3761 2347 3811 in
2368 3760 2429 3811 P.

629 3836 1044 3897 renuntiavimus,
1103 3848 1154 3889 et
1209 3854 1270 3889 ea
1332 3834 1508 3889 domui
1565 3840 1628 3889 de
1786 3840 1807 3869 ⁸
1836 3838 2041 3890 abstulit
2061 3838 2311 3907 violenter]
2334 3839 2583 3901 auferens,
2605 3839 2718 3903 ejus

633 3918 840 3983 Swyna,
864 3916 922 3966 1³.
1718 3919 2109 3969 emolumentum
2142 3934 2235 3969 nos
2270 3919 2479 3984 pacifice
2500 3921 2719 3984 gaudere

699 4000 717 4029 ⁴
749 3998 905 4048 After
957 3995 1194 4061 rofio-etur
1237 3993 1406 4055 insert,
1453 3996 1626 4047 Unum
1717 4013 1821 4047 non
1844 3997 2055 4056 sinebat,
2077 3998 2141 4047 P.

631 4092 753 4127 vero
795 4076 1046 4127 dictorum
1091 4074 1245 4125 trium
1289 4074 1532 4125 toftorum
1577 4084 1630 4125 et
1784 4082 1804 4109 ⁰
1838 4078 2179 4127 interveniente
2201 4112 2217 4127 .
2240 4113 2254 4127 .
2280 4112 2295 4127 .
2319 4076 2477 4143 misit]
2514 4091 2605 4142 per
2627 4092 2721 4127 nos

633 4154 783 4206 tertia
825 4169 942 4220 pars
975 4154 1115 4204 illius
1150 4154 1346 4204 bovatae
1387 4161 1533 4204 terrm
1572 4154 1627 4203 in
1719 4156 1784 4205 ad
1804 4155 2064 4206 dominum
2096 4170 2278 4221 papam
2298 4154 2463 4205 tuerat
2498 4156 2720 4221 appella·

633 4234 1038 4300 Benyngholmo,
1061 4240 1284 4298 tempore
1307 4232 1516 4283 Roberti
1541 4235 1629 4284 ab·
1721 4244 1841 4285 tum.
1899 4234 2234 4299 Quapropter,
2258 4234 2318 4285 P.

632 4314 765 4364 batis
793 4318 869 4374 ll,
885 4318 1058 4378 postea
1077 4312 1284 4363 fuerunt
1304 4310 1549 4375 alienatoe,
1573 4321 1630 4363 ut
1786 4316 1825 4345 ¹⁰
1858 4316 2009 4365 After
2028 4310 2389 4363 Richemundioe
2406 4312 2565 4365 insert
2598 4314 2719 4364 diri-

633 4392 821 4457 patebit
841 4392 1071 4452 inlex-ius,
1093 4391 1153 4441 P.
1719 4394 1885 4458 gebat,
1907 4393 1966 4443 P.

699 4472 720 4502 ⁸
752 4471 904 4521 After
923 4470 1002 4521 Ec
1022 4470 1194 4531 insert,
1216 4486 1332 4522 oum
1369 4471 1482 4522 hoe.
1501 4476 1620 4521 tem·
1788 4474 1821 4503 ¹¹
1850 4488 1945 4538 per
1985 4508 1999 4522 .
2021 4508 2037 4525 .
2060 4506 2075 4521 .
2116 4470 2383 4537 Sayerum]
2422 4472 2647 4539 wanting
2663 4472 2718 4523 in

635 4565 757 4616 pore
801 4550 1121 4615 proscriptus
1157 4551 1376 4616 Sayerus
1415 4552 1478 4603 de
1515 4550 1631 4602 Sut-
1721 4551 1781 4602 P.

634 4638 758 4681 tona
777 4629 1106 4685 hereditatem
1141 4628 1302 4696 patris
1335 4629 1415 4681 sui
1452 4630 1632 4681 fuisset
1790 4631 1829 4662 ¹²
1850 4632 2140 4699 sequuntur]
2160 4639 2415 4693 secuntur,
2432 4630 2487 4681 in
2504 4631 2605 4682 this
2623 4632 2725 4682 and

633 4716 903 4772 assecutus,
927 4708 986 4761 P.
1721 4711 1866 4762 other
1886 4712 2156 4775 instances,
2176 4711 2233 4763 in
2254 4712 2379 4763 both
2400 4710 2557 4763 MSS.
