3519 5734
1042 940 1072 984 ⁶
1170 855 1451 910 moins
1492 853 1711 910 sums
1753 859 2061 912 marrus.
2540 843 2675 917 287

577 1036 834 1094 assultus
869 1036 1152 1104 introivit,
1191 1042 1253 1093 et
1303 1035 1513 1093 urbem
1547 1036 1723 1110 cepit.
1800 1037 2025 1108 Regem
2062 1035 2327 1093 Francioe
2363 1042 2425 1094 et
2462 1037 2673 1094 ducem
2697 1054 2835 1106 ΑΒ,
2864 1061 2988 1108 1189

576 1120 834 1178 Austriae
885 1121 1025 1194 quia
1075 1120 1305 1178 felicior
1360 1121 1511 1193 ipsis
1569 1123 1698 1177 erat
1754 1120 1830 1177 ad
1881 1119 2248 1178 iracundiam
2297 1122 2669 1193 provocavit;
2696 1126 2877 1173 -1196.

575 1205 730 1260 unde
778 1205 898 1277 ipsi
949 1205 1026 1262 ad
1078 1221 1186 1262 sua
1232 1204 1556 1271 redierunt,
1595 1204 1852 1262 Ricardo
1901 1221 2045 1278 rege
2094 1203 2317 1261 ibidem
2370 1204 2670 1263 derelicto.

575 1287 722 1346 Post
755 1305 1007 1363 quorum
1039 1307 1402 1362 regressum,
1440 1289 1735 1346 Ricardus
1771 1306 1878 1346 rex
1910 1305 2047 1346 cum
2084 1288 2367 1347 saladino
2401 1307 2675 1362 congres-

578 1391 710 1429 sum
761 1391 898 1431 cum
943 1373 1294 1432 exercitibus
1343 1373 1570 1440 habuit,
1610 1378 1672 1430 et
1719 1373 2044 1446 praevalens
2093 1373 2290 1448 ipsum
2325 1374 2576 1448 fugavit,
2616 1381 2678 1434 et

579 1457 1083 1516 christianitatem
1151 1459 1217 1516 in
1273 1457 1396 1516 illis
1457 1457 1727 1531 partibus
1799 1463 1977 1531 prout
2046 1460 2241 1531 potuit
2309 1461 2672 1518 reformavit.

575 1541 822 1599 Interim
871 1561 976 1602 rex
1035 1543 1300 1601 Franciae
1351 1541 1776 1600 Normanniam
1828 1543 2199 1612 devastavit3
2258 1543 2301 1601 J
2300 1546 2678 1618 ohannesque

577 1626 762 1682 frater
808 1627 997 1699 ipsius
1049 1627 1292 1684 Ricardi
1344 1627 1695 1700 dignitatem
1743 1628 1977 1700 regiam
2028 1627 2092 1683 in
2126 1627 2365 1701 Anglia,
2405 1647 2678 1686 coronam

579 1711 635 1765 ei
669 1711 1078 1784 praeripiendo,
1104 1711 1430 1784 usurpavit.
1505 1710 1692 1778 Unde,
1719 1712 1909 1783 captis
1944 1711 2173 1784 treugis
2208 1729 2345 1768 cum
2378 1713 2673 1781 saladino,
2760 1776 2772 1790 ι

577 1811 785 1851 versus
819 1795 1060 1868 propria
1091 1796 1353 1862 tendens,
1380 1795 1444 1850 in
1464 1793 1769 1852 Austriam
1802 1795 1995 1852 ventis
2030 1795 2325 1868 impulsus
2360 1803 2423 1854 et
2454 1797 2677 1854 ibidem
2700 1776 2941 1910 gfftssal’·

578 1877 642 1934 in
675 1879 813 1935 navi
845 1879 1103 1945 latitans,
1130 1879 1272 1934 dum
1302 1879 1420 1936 cibi
1453 1895 1563 1951 pro
1597 1878 1702 1935 illo
1735 1879 2019 1937 lautiores
2055 1881 2415 1948 emebantur,
2442 1887 2676 1938 notatus
2852 1883 2864 1896 ⁰

579 1967 690 2028 est,
746 1967 808 2019 et
853 1963 930 2019 ab
979 1963 1311 2022 hominibus
1362 1961 1532 2019 ducis
1577 1963 1839 2020 Austrioe
1892 1963 2314 2036 deprehensus,
2353 1969 2415 2021 et
2452 1965 2675 2024 catenis

579 2045 788 2104 ferreis
823 2045 1124 2119 alligatae,
1163 2047 1388 2103 carceri
1423 2047 1815 2119 mancipatur.
1888 2046 2179 2106 Detentus
2216 2055 2415 2106 autem
2449 2049 2513 2106 in
2548 2067 2679 2106 cus·

577 2131 740 2186 todia
790 2147 927 2188 cum
978 2149 1122 2203 rege
1157 2129 1422 2186 Franciae
1456 2147 1563 2203 per
1597 2130 1824 2187 medios
1860 2132 2234 2191 concordavit
2268 2135 2341 2190 de
2376 2135 2586 2191 dandis
2623 2135 2679 2191 ei

577 2215 794 2287 viginti
828 2213 1092 2272 millibus
1129 2216 1366 2283 marcis,
1403 2232 1479 2272 ne
1533 2220 1724 2272 terras
1778 2233 1915 2274 suas
1964 2219 2385 2276 transmarinas
2440 2218 2680 2276 interim

579 2300 929 2357 devastaret.
1005 2299 1141 2356 Dux
1194 2305 1394 2356 autem
1429 2299 1691 2356 Austrioe
1745 2306 1984 2372 captum
2038 2301 2362 2359 Ricardum
2413 2303 2678 2367 Henrico

579 2384 919 2456 imperatori
954 2384 1267 2450 commisit,
1309 2383 1412 2455 qui
1458 2400 1594 2439 eum
1629 2382 1694 2439 in
1728 2384 2006 2442 'I'rivallis
2042 2387 2105 2441 in
2140 2387 2457 2444 Almannia
2490 2388 2679 2444 incar-

579 2469 820 2526 ceravit.
897 2469 1018 2526 Sed
1051 2469 1290 2526 tandem
1312 2468 1602 2524 Bicardus
1639 2486 1762 2534 rex,
1788 2475 1961 2540 pacto
1996 2470 2225 2528 firmato
2261 2490 2397 2529 cum
2418 2473 2680 2529 Henrico

579 2554 932 2628 imperatore
969 2554 1044 2610 de
1095 2559 1331 2610 centum
1383 2552 1648 2608 millibus
1684 2552 1857 2610 libris
1908 2553 2100 2610 eidem
2133 2573 2242 2628 pro
2276 2556 2679 2630 redemptione

581 2657 689 2694 sua
723 2637 1039 2705 solvendis,
1067 2637 1140 2694 de
1166 2637 1396 2709 quibus,
1416 2636 1535 2692 dux
1558 2635 1819 2693 Austriae
1855 2637 1898 2695 1.
1924 2637 2115 2695 millia
2154 2637 2538 2712 [marcarum]
2570 2657 2679 2712 pro
2704 2633 2745 2684 f·
2766 2637 2829 2684 28
2853 2632 2901 2687 ὅ·

580 2723 759 2778 tertia
791 2727 958 2795 parte
1005 2722 1353 2795 perciperet,
1391 2720 1626 2778 traditis
1685 2739 1793 2792 pro
1846 2721 2004 2779 dicta
2054 2724 2305 2794 pecunia
2352 2724 2676 2792 obsidibus,
2703 2713 2803 2766 11³⁸
2824 2721 3011 2768 fetum·

581 2806 854 2877 Angliam
889 2799 1084 2862 rediit.
1159 2805 1200 2861 J
1201 2805 1486 2862 ohannem
1536 2805 1783 2861 fratrem
1835 2824 2009 2862 suum
2058 2811 2337 2881 tanquam
2378 2807 2679 2882 ingratum

583 2898 644 2948 et
689 2892 934 2947 infidum
971 2890 1196 2963 judicio
1231 2907 1540 2963 procerum
1577 2890 1736 2947 omni
1772 2891 1993 2947 honore
2027 2892 2302 2964 privavit,
2343 2900 2405 2950 et
2438 2912 2537 2951 eos
2574 2893 2679 2967 qui

583 2976 640 3031 ei
681 2976 1046 3033 adhaeserant
1096 2975 1488 3041 exheredavit,
1526 2979 1704 3047 atque
1753 2975 1881 3047 jam
1916 2975 2093 3033 tertio
2127 2978 2284 3050 apud
2316 2978 2677 3037 Wintoniam

583 3060 754 3131 quasi
792 3078 980 3117 novus
1015 3078 1120 3115 rex
1156 3058 1478 3117 solenniter
1512 3064 1823 3116 coronatus
1860 3066 1969 3117 est.
2040 3060 2158 3117 Ubi
2181 3061 2541 3121 Willielmus
2576 3081 2683 3121 rex

583 3144 796 3201 Scotiae
855 3144 1212 3202 coronationi
1269 3143 1558 3211 interfuit,
1610 3144 1706 3200 cui
1755 3149 1919 3201 certa
1975 3143 2247 3201 liberatio
2295 3146 2516 3202 ibidem
2572 3166 2682 3219 pro

583 3230 846 3302 quolibet
893 3229 1148 3286 adventu
1200 3227 1275 3284 ad
1327 3227 1783 3300 parliamentum
1840 3227 2003 3300 regis
2054 3228 2292 3301 Angliae
2346 3231 2681 3301 specialiter

581 3314 1013 3385 assignabatur.
1089 3314 1234 3370 Post
1283 3312 1432 3376 haec,
1467 3329 1574 3368 rex
1613 3312 1907 3369 Ricardus
1961 3314 2195 3369 transiit
2232 3313 2295 3369 in
2330 3314 2677 3383 Franciam3
2704 3306 2937 3387 Mffifflst'

581 3404 774 3455 castra
797 3404 858 3455 et
879 3397 1234 3455 munitiones
1272 3396 1464 3469 cepit3
1505 3396 1678 3453 villas
1715 3396 2023 3469 praedavit,
2052 3398 2389 3465 combussit,
2418 3405 2479 3455 et
2502 3400 2681 3455 circa-
2704 3377 2999 3492 {fgedm‘in

580 3484 851 3556 regiones
887 3483 1309 3555 depopulabat3
1367 3481 1829 3553 Philippumque
1876 3499 2081 3555 regem
2116 3482 2381 3539 Franciae
2432 3482 2508 3539 ad
2544 3501 2681 3540 eum
2703 3508 2913 3559 Fmoe·

581 3584 718 3623 cum
781 3567 1046 3623 exercitu
1115 3569 1530 3638 properantem
1588 3566 1652 3619 in
1712 3564 2049 3621 Gisorcium
2107 3565 2315 3638 fugere
2374 3569 2676 3640 compulit,

581 3658 758 3723 atque
793 3667 930 3705 eum
963 3655 1088 3705 tam
1109 3650 1324 3705 acriter
1360 3654 1453 3705 est
1485 3649 1787 3706 insecutus
1820 3649 1976 3720 quod
2012 3650 2198 3722 ipsius
2229 3651 2393 3724 regis
2416 3652 2679 3710 Franciae

581 3741 644 3792 et
692 3752 933 3791 suorum
984 3751 1150 3806 pons,
1203 3750 1310 3804 per
1361 3749 1536 3804 quem
1590 3734 1654 3787 in
1707 3732 2045 3789 Gisorcium
2093 3736 2471 3805 transierunt,
2525 3738 2679 3794 inor-

581 3820 782 3876 dinato
833 3816 1090 3889 pondere
1144 3822 1238 3873 est
1288 3816 1640 3873 confractus.
1735 3816 1874 3884 Sed,
1930 3834 2075 3890 rege
2134 3818 2398 3876 Franciae
2456 3821 2561 3877 vix
2617 3822 2680 3876 in

581 3903 882 3961 civitatem
918 3917 1112 3967 evaso,
1151 3900 1352 3973 plures
1403 3917 1437 3956 e
1475 3900 1599 3956 suis
1635 3900 1825 3957 fracto
1859 3906 2035 3975 ponte
2069 3901 2134 3957 in
2169 3920 2323 3975 aqua
2355 3904 2676 3976 perierunt,

581 3992 934 4059 centumque
967 3984 1189 4041 milites
1225 3990 1286 4041 et
1321 3984 1426 4041 alii
1461 3984 1754 4040 innumeri
1789 4003 1895 4056 per
1928 4004 2135 4057 regem
2169 3986 2489 4044 Ricardum
2524 3990 2682 4061 capti

581 4073 837 4129 fuerunt.
937 4069 1074 4136 Sed,
1137 4068 1430 4125 mediante
1489 4068 1825 4141 apostolicas
1885 4070 2041 4128 sedis
2100 4069 2313 4143 legato,
2376 4072 2494 4145 ipsi
2564 4072 2682 4128 duo

581 4174 754 4229 reges
802 4154 879 4212 ad
925 4152 1297 4211 concordiam
1345 4153 1586 4208 fuerunt
1618 4153 1901 4210 revocati.
1974 4154 2223 4210 Interim
2260 4155 2501 4227 quidam
2534 4156 2681 4213 Wil-
2704 4156 2961 4208 Insui-rec-

581 4241 818 4296 lielmus
883 4242 1268 4311 cognomento
1326 4236 1400 4292 de
1459 4236 1665 4309 Longa
1721 4237 1937 4303 Barba,
1999 4237 2314 4295 Londoniis
2374 4240 2676 4308 oriundus,
2704 4223 2891 4343 {gudin

583 4325 931 4383 salvatorem
976 4340 1304 4396 pauperum
1356 4337 1421 4377 se
1467 4320 1793 4388 nominans,
1831 4320 2146 4377 finiendam
2178 4322 2245 4377 in
2277 4323 2445 4381 brevi
2480 4330 2679 4397 poten·
2782 4306 2815 4341 ¹¹
2851 4307 2933 4341 ⁰¹¹·

582 4414 712 4465 tum
744 4408 1103 4481 proterviam
1125 4404 1429 4479 granditer
1463 4404 1797 4473 intonabat3
1835 4406 2163 4464 mediocres
2186 4406 2262 4462 ad
2284 4407 2680 4467 immoderatae

583 4492 876 4550 libertatis
912 4490 1171 4548 amorem
1204 4490 1592 4555 inflammans,
1633 4488 1780 4545 adeo
1825 4489 2112 4561 plurimos
2162 4490 2279 4549 sibi
2316 4493 2579 4551 devinxit
2614 4500 2682 4551 ut

583 4576 672 4633 lii.
709 4577 902 4633 millia
945 4574 1379 4632 Londoniarum
1416 4573 1831 4647 indigenarum
1868 4574 1946 4631 ad
1978 4575 2108 4647 ejus
2142 4582 2354 4634 nutum
2400 4585 2678 4651 tanquam

585 4661 882 4719 communi
916 4665 1258 4715 cunctorum
1292 4657 1583 4731 provisori
1619 4658 2107 4731 obtemperarent,
2148 4665 2209 4717 et
2258 4679 2459 4717 eorum
2494 4663 2681 4719 fretus

585 4761 828 4803 numero
863 4748 1181 4800 conventus
1221 4742 1486 4815 publicos
1521 4740 1765 4810 faciens,
1804 4748 2039 4814 sumpto
2072 4743 2331 4831 themate
2382 4745 2468 4802 ita
2520 4762 2682 4803 exor-
