<?xml version="1.0" encoding="UTF-8"?>
<!DOCTYPE html PUBLIC "-//W3C//DTD XHTML 1.0 Transitional//EN"
    "http://www.w3.org/TR/xhtml1/DTD/xhtml1-transitional.dtd">
<html xmlns="http://www.w3.org/1999/xhtml" xml:lang="en" lang="en">
 <head>
  <title>
</title>
<meta http-equiv="Content-Type" content="text/html;charset=utf-8" />
  <meta name='ocr-system' content='tesseract 3.04.00' />
  <meta name='ocr-capabilities' content='ocr_page ocr_carea ocr_par ocr_line ocrx_word'/>
</head>
<body>
  <div class='ocr_page' id='page_1' title='image "./chronicamonaste00burtgoog_0438.png"; bbox 0 0 3519 5734; ppageno 0'>
   <div class='ocr_carea' id='block_1_1' title="bbox 1117 830 2695 904">
    <p class='ocr_par' dir='ltr' id='par_1_1' title="bbox 1117 830 2695 904">
     <span class='ocr_line' id='line_1_1' title="bbox 1117 830 2695 904; baseline 0 -10"><span class='ocrx_word' id='word_1_1' title='bbox 1117 840 1542 894; x_wconf 74' lang='lat' dir='ltr'>ALEXANDER</span> <span class='ocrx_word' id='word_1_2' title='bbox 1583 838 1801 894; x_wconf 63' lang='lat' dir='ltr'><strong>sums</strong></span> <span class='ocrx_word' id='word_1_3' title='bbox 1846 841 2177 904; x_wconf 77' lang='lat' dir='ltr'><strong>QUARTUS.</strong></span> <span class='ocrx_word' id='word_1_4' title='bbox 2566 830 2695 896; x_wconf 79' lang='lat'><strong>345</strong></span> 
     </span>
    </p>
   </div>
   <div class='ocr_carea' id='block_1_2' title="bbox 597 1015 3046 4489">
    <p class='ocr_par' dir='ltr' id='par_1_2' title="bbox 597 1015 3015 1308">
     <span class='ocr_line' id='line_1_2' title="bbox 597 1015 3015 1103; baseline -0.002 -19"><span class='ocrx_word' id='word_1_5' title='bbox 597 1015 828 1099; x_wconf 80' lang='lat' dir='ltr'><strong>beret3</strong></span> <span class='ocrx_word' id='word_1_6' title='bbox 875 1020 947 1083; x_wconf 89' lang='lat' dir='ltr'><strong>et</strong></span> <span class='ocrx_word' id='word_1_7' title='bbox 1005 1017 1180 1103; x_wconf 89' lang='lat' dir='ltr'><strong>quod</strong></span> <span class='ocrx_word' id='word_1_8' title='bbox 1239 1020 1536 1082; x_wconf 87' lang='lat' dir='ltr'><strong>sanctam</strong></span> <span class='ocrx_word' id='word_1_9' title='bbox 1595 1015 1933 1084; x_wconf 87' lang='lat' dir='ltr'><strong>ecclesiam</strong></span> <span class='ocrx_word' id='word_1_10' title='bbox 1978 1018 2115 1083; x_wconf 87' lang='lat' dir='ltr'><strong>suis</strong></span> <span class='ocrx_word' id='word_1_11' title='bbox 2158 1017 2586 1084; x_wconf 71' lang='lat' dir='ltr'><strong>libertatibus</strong></span> <span class='ocrx_word' id='word_1_12' title='bbox 2631 1021 2700 1083; x_wconf 88' lang='lat' dir='ltr'><strong>et</strong></span> <span class='ocrx_word' id='word_1_13' title='bbox 2721 1024 3015 1079; x_wconf 77' lang='lat' dir='ltr'><strong>A.D.1199</strong></span> 
     </span>
     <span class='ocr_line' id='line_1_3' title="bbox 601 1099 2905 1208; baseline 0.001 -24"><span class='ocrx_word' id='word_1_14' title='bbox 601 1119 908 1185; x_wconf 89' lang='lat' dir='ltr'><strong>omnibus</strong></span> <span class='ocrx_word' id='word_1_15' title='bbox 975 1118 1172 1185; x_wconf 88' lang='lat' dir='ltr'><strong>rebus</strong></span> <span class='ocrx_word' id='word_1_16' title='bbox 1241 1118 1379 1184; x_wconf 86' lang='lat' dir='ltr'><strong>suis</strong></span> <span class='ocrx_word' id='word_1_17' title='bbox 1441 1118 1728 1208; x_wconf 87' lang='lat' dir='ltr'><strong>gaudere</strong></span> <span class='ocrx_word' id='word_1_18' title='bbox 1790 1119 2233 1206; x_wconf 87' lang='lat' dir='ltr'><strong>permitteret,</strong></span> <span class='ocrx_word' id='word_1_19' title='bbox 2281 1121 2447 1186; x_wconf 87' lang='lat' dir='ltr'><strong>adeo</strong></span> <span class='ocrx_word' id='word_1_20' title='bbox 2509 1120 2699 1208; x_wconf 85' lang='lat' dir='ltr'><strong>plene</strong></span> <span class='ocrx_word' id='word_1_21' title='bbox 2722 1099 2905 1146; x_wconf 76' lang='lat'>&#39;¹²¹⁶&#39;</span> 
     </span>
     <span class='ocr_line' id='line_1_4' title="bbox 601 1220 2741 1308; baseline 0.001 -22"><span class='ocrx_word' id='word_1_22' title='bbox 601 1222 777 1287; x_wconf 88' lang='lat' dir='ltr'><strong>sicut</strong></span> <span class='ocrx_word' id='word_1_23' title='bbox 837 1222 913 1287; x_wconf 92' lang='lat' dir='ltr'><strong>in</strong></span> <span class='ocrx_word' id='word_1_24' title='bbox 985 1225 1284 1308; x_wconf 90' lang='lat' dir='ltr'><strong>tempore</strong></span> <span class='ocrx_word' id='word_1_25' title='bbox 1345 1220 1578 1288; x_wconf 75' lang='lat' dir='ltr'><strong>Sancti</strong></span> <span class='ocrx_word' id='word_1_26' title='bbox 1651 1221 1973 1287; x_wconf 84' lang='lat' dir='ltr'><strong>Edwardi</strong></span> <span class='ocrx_word' id='word_1_27' title='bbox 2046 1222 2432 1289; x_wconf 87' lang='lat' dir='ltr'><strong>confessoris</strong></span> <span class='ocrx_word' id='word_1_28' title='bbox 2506 1223 2703 1289; x_wconf 90' lang='lat' dir='ltr'><strong>solita</strong></span> <span class='ocrx_word' id='word_1_29' title='bbox 2736 1261 2741 1266; x_wconf 86' lang='lat'><strong>·</strong></span> 
     </span>
    </p>

    <p class='ocr_par' dir='ltr' id='par_1_3' title="bbox 602 1323 2703 1516">
     <span class='ocr_line' id='line_1_5' title="bbox 603 1323 2703 1413; baseline 0.001 -26"><span class='ocrx_word' id='word_1_30' title='bbox 603 1323 819 1390; x_wconf 87' lang='lat' dir='ltr'><strong>fuerat</strong></span> <span class='ocrx_word' id='word_1_31' title='bbox 863 1346 976 1390; x_wconf 88' lang='lat' dir='ltr'><strong>eas</strong></span> <span class='ocrx_word' id='word_1_32' title='bbox 1019 1323 1456 1411; x_wconf 88' lang='lat' dir='ltr'><strong>frequentare.</strong></span> <span class='ocrx_word' id='word_1_33' title='bbox 1549 1324 1712 1404; x_wconf 81' lang='lat' dir='ltr'><strong>Quae</strong></span> <span class='ocrx_word' id='word_1_34' title='bbox 1772 1324 2139 1391; x_wconf 85' lang='lat' dir='ltr'><strong>concordiae</strong></span> <span class='ocrx_word' id='word_1_35' title='bbox 2181 1326 2396 1391; x_wconf 87' lang='lat' dir='ltr'><strong>forma</strong></span> <span class='ocrx_word' id='word_1_36' title='bbox 2440 1325 2703 1413; x_wconf 88' lang='lat' dir='ltr'><strong>scriptis</strong></span> 
     </span>
     <span class='ocr_line' id='line_1_6' title="bbox 602 1413 2703 1516; baseline 0.002 -26"><span class='ocrx_word' id='word_1_37' title='bbox 602 1413 978 1493; x_wconf 87' lang='lat' dir='ltr'><strong>indentatis</strong></span> <span class='ocrx_word' id='word_1_38' title='bbox 1020 1427 1484 1515; x_wconf 85' lang='lat' dir='ltr'><strong>redigebatur3</strong></span> <span class='ocrx_word' id='word_1_39' title='bbox 1529 1448 1792 1513; x_wconf 88' lang='lat' dir='ltr'><strong>unaque</strong></span> <span class='ocrx_word' id='word_1_40' title='bbox 1844 1449 1995 1514; x_wconf 80' lang='lat' dir='ltr'><strong>pars</strong></span> <span class='ocrx_word' id='word_1_41' title='bbox 2038 1450 2241 1516; x_wconf 88' lang='lat' dir='ltr'><strong>penes</strong></span> <span class='ocrx_word' id='word_1_42' title='bbox 2285 1432 2328 1493; x_wconf 80' lang='lat'><strong>4</strong></span> <span class='ocrx_word' id='word_1_43' title='bbox 2372 1429 2703 1514; x_wconf 89' lang='lat' dir='ltr'><strong>episcopos</strong></span> 
     </span>
    </p>

    <p class='ocr_par' dir='ltr' id='par_1_4' title="bbox 602 1529 3026 2008">
     <span class='ocr_line' id='line_1_7' title="bbox 603 1529 3017 1617; baseline 0 -23"><span class='ocrx_word' id='word_1_44' title='bbox 603 1534 674 1595; x_wconf 91' lang='lat' dir='ltr'><strong>et</strong></span> <span class='ocrx_word' id='word_1_45' title='bbox 721 1529 854 1594; x_wconf 88' lang='lat' dir='ltr'><strong>alia</strong></span> <span class='ocrx_word' id='word_1_46' title='bbox 897 1551 1097 1617; x_wconf 85' lang='lat' dir='ltr'><strong>penes</strong></span> <span class='ocrx_word' id='word_1_47' title='bbox 1160 1530 1334 1617; x_wconf 88' lang='lat' dir='ltr'><strong>ipsos</strong></span> <span class='ocrx_word' id='word_1_48' title='bbox 1392 1530 1665 1595; x_wconf 90' lang='lat' dir='ltr'><strong>nuntios</strong></span> <span class='ocrx_word' id='word_1_49' title='bbox 1729 1530 1944 1616; x_wconf 87' lang='lat' dir='ltr'><strong>regios</strong></span> <span class='ocrx_word' id='word_1_50' title='bbox 2002 1531 2405 1597; x_wconf 86' lang='lat' dir='ltr'><strong>remanebat.</strong></span> <span class='ocrx_word' id='word_1_51' title='bbox 2500 1529 2704 1596; x_wconf 85' lang='lat' dir='ltr'><strong>Cum·</strong></span> <span class='ocrx_word' id='word_1_52' title='bbox 2726 1537 3017 1617; x_wconf 39' lang='lat' dir='ltr'><strong>nefus-2101·</strong></span> 
     </span>
     <span class='ocr_line' id='line_1_8' title="bbox 604 1605 2987 1723; baseline 0 -27"><span class='ocrx_word' id='word_1_53' title='bbox 604 1654 730 1718; x_wconf 93' lang='lat' dir='ltr'><strong>que</strong></span> <span class='ocrx_word' id='word_1_54' title='bbox 773 1654 894 1698; x_wconf 80' lang='lat' dir='ltr'><strong>rex</strong></span> <span class='ocrx_word' id='word_1_55' title='bbox 940 1631 1150 1719; x_wconf 83' lang='lat' dir='ltr'><strong>ipsam</strong></span> <span class='ocrx_word' id='word_1_56' title='bbox 1199 1631 1562 1698; x_wconf 73' lang='lat' dir='ltr'><strong>concordiae</strong></span> <span class='ocrx_word' id='word_1_57' title='bbox 1592 1631 1874 1698; x_wconf 90' lang='lat' dir='ltr'><strong>formam</strong></span> <span class='ocrx_word' id='word_1_58' title='bbox 1904 1635 2335 1720; x_wconf 71' lang='lat' dir='ltr'><strong>cognovisset,</strong></span> <span class='ocrx_word' id='word_1_59' title='bbox 2364 1632 2452 1699; x_wconf 87' lang='lat' dir='ltr'><strong>ad</strong></span> <span class='ocrx_word' id='word_1_60' title='bbox 2481 1632 2704 1698; x_wconf 83' lang='lat' dir='ltr'><strong>omnia</strong></span> <span class='ocrx_word' id='word_1_61' title='bbox 2726 1605 2987 1723; x_wconf 42' lang='lat' dir='ltr'><strong>{2⁶13ssss</strong></span> 
     </span>
     <span class='ocr_line' id='line_1_9' title="bbox 602 1733 3026 1821; baseline 0.001 -23"><span class='ocrx_word' id='word_1_62' title='bbox 602 1733 920 1800; x_wconf 88' lang='lat' dir='ltr'><strong>libentius</strong></span> <span class='ocrx_word' id='word_1_63' title='bbox 939 1734 1364 1814; x_wconf 81' lang='lat' dir='ltr'><strong>consentivit,</strong></span> <span class='ocrx_word' id='word_1_64' title='bbox 1394 1740 1637 1820; x_wconf 84' lang='lat' dir='ltr'><strong>praeter</strong></span> <span class='ocrx_word' id='word_1_65' title='bbox 1657 1735 1838 1821; x_wconf 89' lang='lat' dir='ltr'><strong>quod</strong></span> <span class='ocrx_word' id='word_1_66' title='bbox 1859 1735 2353 1802; x_wconf 87' lang='lat' dir='ltr'><strong>restitutionem</strong></span> <span class='ocrx_word' id='word_1_67' title='bbox 2381 1736 2703 1802; x_wconf 91' lang='lat' dir='ltr'><strong>bonorum</strong></span> <span class='ocrx_word' id='word_1_68' title='bbox 2726 1739 2813 1788; x_wconf 80' lang='lat' dir='ltr'><strong>the</strong></span> <span class='ocrx_word' id='word_1_69' title='bbox 2834 1739 3026 1790; x_wconf 78' lang='lat' dir='ltr'><strong>ehureh</strong></span> 
     </span>
     <span class='ocr_line' id='line_1_10' title="bbox 604 1807 2899 1926; baseline 0.001 -26"><span class='ocrx_word' id='word_1_70' title='bbox 604 1836 792 1901; x_wconf 87' lang='lat' dir='ltr'><strong>nulla</strong></span> <span class='ocrx_word' id='word_1_71' title='bbox 836 1835 1168 1902; x_wconf 87' lang='lat' dir='ltr'><strong>occasione</strong></span> <span class='ocrx_word' id='word_1_72' title='bbox 1211 1835 1428 1902; x_wconf 88' lang='lat' dir='ltr'><strong>facere</strong></span> <span class='ocrx_word' id='word_1_73' title='bbox 1471 1835 1812 1903; x_wconf 87' lang='lat' dir='ltr'><strong>voluisset.</strong></span> <span class='ocrx_word' id='word_1_74' title='bbox 1887 1837 2091 1903; x_wconf 82' lang='lat' dir='ltr'><strong>Unde</strong></span> <span class='ocrx_word' id='word_1_75' title='bbox 2121 1838 2283 1926; x_wconf 90' lang='lat' dir='ltr'><strong>ipsis</strong></span> <span class='ocrx_word' id='word_1_76' title='bbox 2312 1841 2355 1903; x_wconf 80' lang='lat'><em>4</em></span> <span class='ocrx_word' id='word_1_77' title='bbox 2386 1838 2706 1926; x_wconf 88' lang='lat' dir='ltr'><strong>episcopis</strong></span> <span class='ocrx_word' id='word_1_78' title='bbox 2727 1807 2899 1871; x_wconf 53' lang='lat' dir='ltr'><strong>zm·</strong></span> 
     </span>
     <span class='ocr_line' id='line_1_11' title="bbox 605 1938 2707 2008; baseline 0.001 -5"><span class='ocrx_word' id='word_1_79' title='bbox 605 1938 1031 2004; x_wconf 77' lang='lat' dir='ltr'><strong>remandavit</strong></span> <span class='ocrx_word' id='word_1_80' title='bbox 1074 1942 1156 2003; x_wconf 91' lang='lat' dir='ltr'><strong>ut</strong></span> <span class='ocrx_word' id='word_1_81' title='bbox 1199 1938 1564 2004; x_wconf 84' lang='lat' dir='ltr'><strong>clausulam</strong></span> <span class='ocrx_word' id='word_1_82' title='bbox 1605 1939 1688 2004; x_wconf 91' lang='lat' dir='ltr'><strong>de</strong></span> <span class='ocrx_word' id='word_1_83' title='bbox 1747 1939 2179 2006; x_wconf 86' lang='lat' dir='ltr'><strong>restitutione</strong></span> <span class='ocrx_word' id='word_1_84' title='bbox 2238 1941 2563 2008; x_wconf 87' lang='lat' dir='ltr'><strong>bonorum</strong></span> <span class='ocrx_word' id='word_1_85' title='bbox 2624 1939 2707 2006; x_wconf 91' lang='lat' dir='ltr'><strong>de</strong></span> 
     </span>
    </p>

    <p class='ocr_par' dir='ltr' id='par_1_5' title="bbox 603 2040 3046 2639">
     <span class='ocr_line' id='line_1_12' title="bbox 603 2040 3023 2132; baseline 0.002 -26"><span class='ocrx_word' id='word_1_86' title='bbox 603 2041 819 2107; x_wconf 86' lang='lat' dir='ltr'><strong>forma</strong></span> <span class='ocrx_word' id='word_1_87' title='bbox 862 2040 1230 2108; x_wconf 71' lang='lat' dir='ltr'><strong>concordiae</strong></span> <span class='ocrx_word' id='word_1_88' title='bbox 1289 2040 1630 2108; x_wconf 85' lang='lat' dir='ltr'><strong>retrahere</strong></span> <span class='ocrx_word' id='word_1_89' title='bbox 1675 2041 2011 2108; x_wconf 89' lang='lat' dir='ltr'><strong>deberent.</strong></span> <span class='ocrx_word' id='word_1_90' title='bbox 2100 2041 2238 2110; x_wconf 88' lang='lat' dir='ltr'><strong>Sed</strong></span> <span class='ocrx_word' id='word_1_91' title='bbox 2279 2044 2443 2132; x_wconf 89' lang='lat' dir='ltr'><strong>ipsis</strong></span> <span class='ocrx_word' id='word_1_92' title='bbox 2476 2045 2711 2132; x_wconf 88' lang='lat' dir='ltr'><strong>juran-</strong></span> <span class='ocrx_word' id='word_1_93' title='bbox 2731 2061 2813 2112; x_wconf 81' lang='lat' dir='ltr'><strong>He</strong></span> <span class='ocrx_word' id='word_1_94' title='bbox 2837 2060 3023 2112; x_wconf 78' lang='lat' dir='ltr'><strong>invites</strong></span> 
     </span>
     <span class='ocr_line' id='line_1_13' title="bbox 605 2128 3046 2246; baseline 0.002 -38"><span class='ocrx_word' id='word_1_95' title='bbox 605 2144 786 2210; x_wconf 89' lang='lat' dir='ltr'><strong>tibus</strong></span> <span class='ocrx_word' id='word_1_96' title='bbox 829 2142 1005 2230; x_wconf 89' lang='lat' dir='ltr'><strong>quod</strong></span> <span class='ocrx_word' id='word_1_97' title='bbox 1049 2165 1170 2208; x_wconf 90' lang='lat' dir='ltr'><strong>nec</strong></span> <span class='ocrx_word' id='word_1_98' title='bbox 1213 2165 1426 2209; x_wconf 89' lang='lat' dir='ltr'><strong>unum</strong></span> <span class='ocrx_word' id='word_1_99' title='bbox 1469 2143 1610 2209; x_wconf 90' lang='lat' dir='ltr'><strong>iota</strong></span> <span class='ocrx_word' id='word_1_100' title='bbox 1653 2144 1735 2209; x_wconf 90' lang='lat' dir='ltr'><strong>de</strong></span> <span class='ocrx_word' id='word_1_101' title='bbox 1780 2144 1927 2231; x_wconf 89' lang='lat' dir='ltr'><strong>ipsa</strong></span> <span class='ocrx_word' id='word_1_102' title='bbox 1970 2144 2181 2210; x_wconf 86' lang='lat' dir='ltr'><strong>forma</strong></span> <span class='ocrx_word' id='word_1_103' title='bbox 2209 2150 2708 2225; x_wconf 84' lang='lat' dir='ltr'><strong>commutarent,</strong></span> <span class='ocrx_word' id='word_1_104' title='bbox 2729 2128 3046 2246; x_wconf 45' lang='lat' dir='ltr'><strong>fflffiffer</strong></span> 
     </span>
     <span class='ocr_line' id='line_1_14' title="bbox 606 2244 2877 2336; baseline 0.003 -27"><span class='ocrx_word' id='word_1_105' title='bbox 606 2267 725 2310; x_wconf 83' lang='lat' dir='ltr'><strong>rex</strong></span> <span class='ocrx_word' id='word_1_106' title='bbox 768 2268 888 2332; x_wconf 89' lang='lat' dir='ltr'><strong>per</strong></span> <span class='ocrx_word' id='word_1_107' title='bbox 931 2245 1108 2333; x_wconf 85' lang='lat' dir='ltr'><strong>ipsos</strong></span> <span class='ocrx_word' id='word_1_108' title='bbox 1155 2251 1198 2310; x_wconf 75' lang='lat'><em>4</em></span> <span class='ocrx_word' id='word_1_109' title='bbox 1244 2246 1576 2332; x_wconf 88' lang='lat' dir='ltr'><strong>episcopos</strong></span> <span class='ocrx_word' id='word_1_110' title='bbox 1626 2244 1809 2312; x_wconf 89' lang='lat' dir='ltr'><strong>dicto</strong></span> <span class='ocrx_word' id='word_1_111' title='bbox 1840 2245 2183 2332; x_wconf 85' lang='lat' dir='ltr'><strong>Stephano</strong></span> <span class='ocrx_word' id='word_1_112' title='bbox 2226 2249 2707 2336; x_wconf 86' lang='lat' dir='ltr'><strong>archiepiscopo</strong></span> <span class='ocrx_word' id='word_1_113' title='bbox 2732 2262 2877 2315; x_wconf 76' lang='lat' dir='ltr'><strong>view.</strong></span> 
     </span>
     <span class='ocr_line' id='line_1_15' title="bbox 606 2347 2710 2435; baseline 0.002 -23"><span class='ocrx_word' id='word_1_114' title='bbox 606 2347 976 2424; x_wconf 86' lang='lat' dir='ltr'><strong>mandavit,</strong></span> <span class='ocrx_word' id='word_1_115' title='bbox 1011 2353 1092 2414; x_wconf 91' lang='lat' dir='ltr'><strong>ut</strong></span> <span class='ocrx_word' id='word_1_116' title='bbox 1137 2347 1570 2414; x_wconf 82' lang='lat' dir='ltr'><strong>Cantuariam</strong></span> <span class='ocrx_word' id='word_1_117' title='bbox 1614 2348 1702 2414; x_wconf 89' lang='lat' dir='ltr'><strong>ad</strong></span> <span class='ocrx_word' id='word_1_118' title='bbox 1746 2349 1812 2413; x_wconf 91' lang='lat' dir='ltr'><strong>ei</strong></span> <span class='ocrx_word' id='word_1_119' title='bbox 1854 2349 2361 2435; x_wconf 84' lang='lat' dir='ltr'><strong>colloquendum</strong></span> <span class='ocrx_word' id='word_1_120' title='bbox 2405 2350 2710 2417; x_wconf 87' lang='lat' dir='ltr'><strong>accedere</strong></span> 
     </span>
     <span class='ocr_line' id='line_1_16' title="bbox 606 2450 2710 2538; baseline 0.002 -24"><span class='ocrx_word' id='word_1_121' title='bbox 606 2451 1036 2537; x_wconf 82' lang='lat' dir='ltr'><strong>dignaretur3</strong></span> <span class='ocrx_word' id='word_1_122' title='bbox 1083 2452 1155 2515; x_wconf 90' lang='lat' dir='ltr'><strong>et</strong></span> <span class='ocrx_word' id='word_1_123' title='bbox 1196 2473 1316 2538; x_wconf 89' lang='lat' dir='ltr'><strong>per</strong></span> <span class='ocrx_word' id='word_1_124' title='bbox 1381 2471 1534 2515; x_wconf 86' lang='lat' dir='ltr'><strong>suas</strong></span> <span class='ocrx_word' id='word_1_125' title='bbox 1597 2450 1858 2516; x_wconf 88' lang='lat' dir='ltr'><strong>litteras</strong></span> <span class='ocrx_word' id='word_1_126' title='bbox 1904 2455 2210 2537; x_wconf 88' lang='lat' dir='ltr'><strong>patentes</strong></span> <span class='ocrx_word' id='word_1_127' title='bbox 2254 2452 2513 2518; x_wconf 87' lang='lat' dir='ltr'><strong>salvum</strong></span> <span class='ocrx_word' id='word_1_128' title='bbox 2558 2475 2710 2518; x_wconf 89' lang='lat' dir='ltr'><strong>con-</strong></span> 
     </span>
     <span class='ocr_line' id='line_1_17' title="bbox 607 2552 2709 2639; baseline 0.001 -21"><span class='ocrx_word' id='word_1_129' title='bbox 607 2552 900 2632; x_wconf 90' lang='lat' dir='ltr'><strong>ductum,</strong></span> <span class='ocrx_word' id='word_1_130' title='bbox 970 2553 1336 2618; x_wconf 86' lang='lat' dir='ltr'><strong>adventum</strong></span> <span class='ocrx_word' id='word_1_131' title='bbox 1411 2556 1483 2617; x_wconf 90' lang='lat' dir='ltr'><strong>et</strong></span> <span class='ocrx_word' id='word_1_132' title='bbox 1556 2573 1947 2639; x_wconf 85' lang='lat' dir='ltr'><strong>regressum,</strong></span> <span class='ocrx_word' id='word_1_133' title='bbox 2012 2554 2077 2618; x_wconf 92' lang='lat' dir='ltr'><strong>ei</strong></span> <span class='ocrx_word' id='word_1_134' title='bbox 2152 2555 2567 2632; x_wconf 89' lang='lat' dir='ltr'><strong>concedebat,</strong></span> <span class='ocrx_word' id='word_1_135' title='bbox 2640 2561 2709 2621; x_wconf 89' lang='lat' dir='ltr'><strong>et</strong></span> 
     </span>
    </p>

    <p class='ocr_par' dir='ltr' id='par_1_6' title="bbox 607 2649 2712 2846">
     <span class='ocr_line' id='line_1_18' title="bbox 607 2649 2711 2745; baseline 0.001 -25"><span class='ocrx_word' id='word_1_136' title='bbox 607 2677 809 2741; x_wconf 86' lang='lat' dir='ltr'><strong>super</strong></span> <span class='ocrx_word' id='word_1_137' title='bbox 877 2654 1000 2721; x_wconf 89' lang='lat' dir='ltr'><strong>hoc</strong></span> <span class='ocrx_word' id='word_1_138' title='bbox 1061 2653 1480 2740; x_wconf 85' lang='lat' dir='ltr'><strong>fidejussores</strong></span> <span class='ocrx_word' id='word_1_139' title='bbox 1555 2649 1945 2724; x_wconf 89' lang='lat' dir='ltr'><strong>adhibebat.</strong></span> <span class='ocrx_word' id='word_1_140' title='bbox 2055 2655 2257 2722; x_wconf 90' lang='lat' dir='ltr'><strong>Unde</strong></span> <span class='ocrx_word' id='word_1_141' title='bbox 2331 2657 2711 2745; x_wconf 84' lang='lat' dir='ltr'><strong>Stephanus</strong></span> 
     </span>
     <span class='ocr_line' id='line_1_19' title="bbox 607 2755 2712 2846; baseline 0.003 -26"><span class='ocrx_word' id='word_1_142' title='bbox 607 2757 1127 2843; x_wconf 85' lang='lat' dir='ltr'><strong>archiepiscopus</strong></span> <span class='ocrx_word' id='word_1_143' title='bbox 1187 2755 1275 2821; x_wconf 85' lang='lat' dir='ltr'><strong>ad</strong></span> <span class='ocrx_word' id='word_1_144' title='bbox 1321 2755 1750 2822; x_wconf 69' lang='lat' dir='ltr'><strong>cantuariam</strong></span> <span class='ocrx_word' id='word_1_145' title='bbox 1814 2757 2184 2824; x_wconf 87' lang='lat' dir='ltr'><strong>accedebat.</strong></span> <span class='ocrx_word' id='word_1_146' title='bbox 2272 2758 2365 2825; x_wconf 90' lang='lat' dir='ltr'><strong>Et</strong></span> <span class='ocrx_word' id='word_1_147' title='bbox 2386 2756 2549 2846; x_wconf 84' lang='lat' dir='ltr'><strong>&#39;ejus</strong></span> <span class='ocrx_word' id='word_1_148' title='bbox 2592 2759 2712 2826; x_wconf 86' lang='lat' dir='ltr'><strong>ad-</strong></span> 
     </span>
    </p>

    <p class='ocr_par' dir='ltr' id='par_1_7' title="bbox 608 2859 2711 3155">
     <span class='ocr_line' id='line_1_20' title="bbox 608 2859 2711 2952; baseline 0.003 -28"><span class='ocrx_word' id='word_1_149' title='bbox 608 2865 822 2925; x_wconf 87' lang='lat' dir='ltr'><strong>ventu</strong></span> <span class='ocrx_word' id='word_1_150' title='bbox 895 2859 1184 2947; x_wconf 79' lang='lat' dir='ltr'><strong>cognitO,</strong></span> <span class='ocrx_word' id='word_1_151' title='bbox 1245 2881 1367 2926; x_wconf 84' lang='lat' dir='ltr'><strong>rex</strong></span> <span class='ocrx_word' id='word_1_152' title='bbox 1440 2859 1528 2926; x_wconf 89' lang='lat' dir='ltr'><strong>ad</strong></span> <span class='ocrx_word' id='word_1_153' title='bbox 1599 2859 1933 2947; x_wconf 87' lang='lat' dir='ltr'><strong>Chylham</strong></span> <span class='ocrx_word' id='word_1_154' title='bbox 2002 2860 2365 2929; x_wconf 87' lang='lat' dir='ltr'><strong>adveniens</strong></span> <span class='ocrx_word' id='word_1_155' title='bbox 2440 2863 2711 2952; x_wconf 88' lang='lat' dir='ltr'><strong>propius</strong></span> 
     </span>
     <span class='ocr_line' id='line_1_21' title="bbox 609 2962 2711 3042; baseline 0.001 -13"><span class='ocrx_word' id='word_1_156' title='bbox 609 2962 1044 3029; x_wconf 71' lang='lat' dir='ltr'><strong>cantuariam</strong></span> <span class='ocrx_word' id='word_1_157' title='bbox 1105 2964 1378 3029; x_wconf 85' lang='lat' dir='ltr'><strong>tendere</strong></span> <span class='ocrx_word' id='word_1_158' title='bbox 1440 2963 1729 3042; x_wconf 88' lang='lat' dir='ltr'><strong>nolebat,</strong></span> <span class='ocrx_word' id='word_1_159' title='bbox 1783 2963 1898 3029; x_wconf 89' lang='lat' dir='ltr'><strong>sed</strong></span> <span class='ocrx_word' id='word_1_160' title='bbox 1966 2965 2457 3032; x_wconf 89' lang='lat' dir='ltr'><strong>thesaurarium</strong></span> <span class='ocrx_word' id='word_1_161' title='bbox 2519 2989 2711 3032; x_wconf 90' lang='lat' dir='ltr'><strong>suum</strong></span> 
     </span>
     <span class='ocr_line' id='line_1_22' title="bbox 609 3064 2711 3155; baseline 0.001 -24"><span class='ocrx_word' id='word_1_162' title='bbox 609 3064 1159 3151; x_wconf 88' lang='lat' dir='ltr'><strong>Wyntoniensem</strong></span> <span class='ocrx_word' id='word_1_163' title='bbox 1208 3066 1586 3153; x_wconf 85' lang='lat' dir='ltr'><strong>episcopum</strong></span> <span class='ocrx_word' id='word_1_164' title='bbox 1615 3065 1703 3131; x_wconf 85' lang='lat' dir='ltr'><strong>ad</strong></span> <span class='ocrx_word' id='word_1_165' title='bbox 1735 3066 2299 3155; x_wconf 87' lang='lat' dir='ltr'><strong>archiepiscopum</strong></span> <span class='ocrx_word' id='word_1_166' title='bbox 2329 3068 2711 3148; x_wconf 88' lang='lat' dir='ltr'><strong>destinavit,</strong></span> 
     </span>
    </p>

    <p class='ocr_par' dir='ltr' id='par_1_8' title="bbox 605 3167 3031 4489">
     <span class='ocr_line' id='line_1_23' title="bbox 605 3167 2713 3260; baseline 0.002 -27"><span class='ocrx_word' id='word_1_167' title='bbox 605 3190 844 3255; x_wconf 86' lang='lat' dir='ltr'><strong>rogans</strong></span> <span class='ocrx_word' id='word_1_168' title='bbox 911 3172 990 3233; x_wconf 93' lang='lat' dir='ltr'><strong>ut</strong></span> <span class='ocrx_word' id='word_1_169' title='bbox 1053 3168 1412 3233; x_wconf 82' lang='lat' dir='ltr'><strong>clausulam</strong></span> <span class='ocrx_word' id='word_1_170' title='bbox 1473 3167 1558 3235; x_wconf 91' lang='lat' dir='ltr'><strong>de</strong></span> <span class='ocrx_word' id='word_1_171' title='bbox 1602 3169 2032 3237; x_wconf 88' lang='lat' dir='ltr'><strong>restitutione</strong></span> <span class='ocrx_word' id='word_1_172' title='bbox 2076 3176 2523 3258; x_wconf 86' lang='lat' dir='ltr'><strong>proventuum</strong></span> <span class='ocrx_word' id='word_1_173' title='bbox 2566 3194 2713 3260; x_wconf 91' lang='lat' dir='ltr'><strong>per-</strong></span> 
     </span>
     <span class='ocr_line' id='line_1_24' title="bbox 607 3269 2713 3359; baseline 0.002 -24"><span class='ocrx_word' id='word_1_174' title='bbox 607 3276 944 3358; x_wconf 85' lang='lat' dir='ltr'><strong>ceptorum</strong></span> <span class='ocrx_word' id='word_1_175' title='bbox 1009 3270 1093 3336; x_wconf 91' lang='lat' dir='ltr'><strong>de</strong></span> <span class='ocrx_word' id='word_1_176' title='bbox 1151 3270 1345 3337; x_wconf 89' lang='lat' dir='ltr'><strong>bonis</strong></span> <span class='ocrx_word' id='word_1_177' title='bbox 1389 3271 1678 3339; x_wconf 84' lang='lat' dir='ltr'><strong>ecclesiae</strong></span> <span class='ocrx_word' id='word_1_178' title='bbox 1721 3273 1811 3339; x_wconf 90' lang='lat' dir='ltr'><strong>ab</strong></span> <span class='ocrx_word' id='word_1_179' title='bbox 1855 3272 2003 3359; x_wconf 89' lang='lat' dir='ltr'><strong>ipsa</strong></span> <span class='ocrx_word' id='word_1_180' title='bbox 2044 3269 2405 3339; x_wconf 84' lang='lat' dir='ltr'><strong>indentura</strong></span> <span class='ocrx_word' id='word_1_181' title='bbox 2445 3275 2713 3340; x_wconf 87' lang='lat' dir='ltr'><strong>eradere</strong></span> 
     </span>
     <span class='ocr_line' id='line_1_25' title="bbox 608 3373 3015 3464; baseline 0.002 -26"><span class='ocrx_word' id='word_1_182' title='bbox 608 3373 1010 3460; x_wconf 86' lang='lat' dir='ltr'><strong>dignaretur.</strong></span> <span class='ocrx_word' id='word_1_183' title='bbox 1073 3373 1207 3440; x_wconf 89' lang='lat' dir='ltr'><strong>Sed</strong></span> <span class='ocrx_word' id='word_1_184' title='bbox 1236 3378 1462 3440; x_wconf 84' lang='lat' dir='ltr'><strong>tamen</strong></span> <span class='ocrx_word' id='word_1_185' title='bbox 1507 3374 1648 3461; x_wconf 88' lang='lat' dir='ltr'><strong>ipse</strong></span> <span class='ocrx_word' id='word_1_186' title='bbox 1692 3375 2235 3463; x_wconf 87' lang='lat' dir='ltr'><strong>archiepiscopus,</strong></span> <span class='ocrx_word' id='word_1_187' title='bbox 2256 3376 2495 3462; x_wconf 76' lang='lat' dir='ltr'><strong>jurans</strong></span> <span class='ocrx_word' id='word_1_188' title='bbox 2539 3378 2713 3464; x_wconf 91' lang='lat' dir='ltr'><strong>quod</strong></span> <span class='ocrx_word' id='word_1_189' title='bbox 2737 3390 2929 3442; x_wconf 67' lang='lat' dir='ltr'><strong>Retnrn</strong></span> <span class='ocrx_word' id='word_1_190' title='bbox 2954 3392 3015 3443; x_wconf 83' lang='lat' dir='ltr'><strong>of</strong></span> 
     </span>
     <span class='ocr_line' id='line_1_26' title="bbox 608 3458 2974 3579; baseline 0.003 -40"><span class='ocrx_word' id='word_1_191' title='bbox 608 3475 778 3539; x_wconf 86' lang='lat' dir='ltr'><strong>nihil</strong></span> <span class='ocrx_word' id='word_1_192' title='bbox 853 3476 934 3542; x_wconf 74' lang='lat' dir='ltr'><strong>de</strong></span> <span class='ocrx_word' id='word_1_193' title='bbox 1007 3476 1137 3541; x_wconf 78' lang='lat' dir='ltr'><strong>hiis</strong></span> <span class='ocrx_word' id='word_1_194' title='bbox 1209 3498 1358 3563; x_wconf 77' lang='lat' dir='ltr'><strong>quae</strong></span> <span class='ocrx_word' id='word_1_195' title='bbox 1425 3476 1693 3565; x_wconf 73' lang='lat' dir='ltr'><strong>praefati</strong></span> <span class='ocrx_word' id='word_1_196' title='bbox 1756 3480 1801 3542; x_wconf 81' lang='lat'><em>4</em></span> <span class='ocrx_word' id='word_1_197' title='bbox 1876 3477 2165 3566; x_wconf 70' lang='lat' dir='ltr'><strong>episcopi</strong></span> <span class='ocrx_word' id='word_1_198' title='bbox 2240 3478 2715 3546; x_wconf 67' lang='lat' dir='ltr'><strong>ordinaverant</strong></span> <span class='ocrx_word' id='word_1_199' title='bbox 2737 3458 2974 3579; x_wconf 49' lang='lat'><strong>&amp;3532</strong></span> 
     </span>
     <span class='ocr_line' id='line_1_27' title="bbox 609 3564 2991 3665; baseline 0.003 -22"><span class='ocrx_word' id='word_1_200' title='bbox 609 3583 1066 3660; x_wconf 88' lang='lat' dir='ltr'><strong>commutaret,</strong></span> <span class='ocrx_word' id='word_1_201' title='bbox 1129 3578 1377 3665; x_wconf 90' lang='lat' dir='ltr'><strong>absque</strong></span> <span class='ocrx_word' id='word_1_202' title='bbox 1439 3601 1628 3645; x_wconf 88' lang='lat' dir='ltr'><strong>mora</strong></span> <span class='ocrx_word' id='word_1_203' title='bbox 1689 3581 1778 3645; x_wconf 87' lang='lat' dir='ltr'><strong>ad</strong></span> <span class='ocrx_word' id='word_1_204' title='bbox 1852 3580 2105 3646; x_wconf 90' lang='lat' dir='ltr'><strong>curiam</strong></span> <span class='ocrx_word' id='word_1_205' title='bbox 2170 3579 2537 3648; x_wconf 87' lang='lat' dir='ltr'><strong>Romanam</strong></span> <span class='ocrx_word' id='word_1_206' title='bbox 2614 3589 2715 3649; x_wconf 88' lang='lat' dir='ltr'><strong>est</strong></span> <span class='ocrx_word' id='word_1_207' title='bbox 2976 3564 2991 3577; x_wconf 55' lang='lat'><strong>⁹</strong></span> 
     </span>
     <span class='ocr_line' id='line_1_28' title="bbox 609 3679 2715 3773; baseline 0.003 -28"><span class='ocrx_word' id='word_1_208' title='bbox 609 3701 926 3746; x_wconf 85' lang='lat' dir='ltr'><strong>reversus.</strong></span> <span class='ocrx_word' id='word_1_209' title='bbox 994 3679 1080 3744; x_wconf 91' lang='lat' dir='ltr'><strong>In</strong></span> <span class='ocrx_word' id='word_1_210' title='bbox 1124 3681 1266 3767; x_wconf 89' lang='lat' dir='ltr'><strong>ipso</strong></span> <span class='ocrx_word' id='word_1_211' title='bbox 1310 3703 1571 3769; x_wconf 89' lang='lat' dir='ltr'><strong>quoque</strong></span> <span class='ocrx_word' id='word_1_212' title='bbox 1616 3702 1793 3747; x_wconf 84' lang='lat' dir='ltr'><strong>anno</strong></span> <span class='ocrx_word' id='word_1_213' title='bbox 1838 3681 2190 3749; x_wconf 87' lang='lat' dir='ltr'><strong>Hibernici</strong></span> <span class='ocrx_word' id='word_1_214' title='bbox 2234 3689 2466 3751; x_wconf 88' lang='lat' dir='ltr'><strong>contra</strong></span> <span class='ocrx_word' id='word_1_215' title='bbox 2492 3708 2715 3773; x_wconf 88' lang='lat' dir='ltr'><strong>regem</strong></span> 
     </span>
     <span class='ocr_line' id='line_1_29' title="bbox 609 3782 3004 3885; baseline 0.004 -38"><span class='ocrx_word' id='word_1_216' title='bbox 609 3782 1130 3860; x_wconf 84' lang='lat' dir='ltr'><strong>insurrexerunt,</strong></span> <span class='ocrx_word' id='word_1_217' title='bbox 1199 3788 1272 3850; x_wconf 90' lang='lat' dir='ltr'><strong>et</strong></span> <span class='ocrx_word' id='word_1_218' title='bbox 1329 3783 1634 3871; x_wconf 83' lang='lat' dir='ltr'><strong>Anglicis</strong></span> <span class='ocrx_word' id='word_1_219' title='bbox 1696 3784 1770 3848; x_wconf 91' lang='lat' dir='ltr'><strong>in</strong></span> <span class='ocrx_word' id='word_1_220' title='bbox 1832 3783 2164 3851; x_wconf 89' lang='lat' dir='ltr'><strong>Hibernia</strong></span> <span class='ocrx_word' id='word_1_221' title='bbox 2226 3787 2579 3861; x_wconf 84' lang='lat' dir='ltr'><strong>occisiones</strong></span> <span class='ocrx_word' id='word_1_222' title='bbox 2648 3794 2717 3855; x_wconf 89' lang='lat' dir='ltr'><strong>et</strong></span> <span class='ocrx_word' id='word_1_223' title='bbox 2738 3804 2923 3885; x_wconf 55' lang='lat' dir='ltr'><strong>Dasea}</strong></span> <span class='ocrx_word' id='word_1_224' title='bbox 2942 3808 3004 3857; x_wconf 81' lang='lat' dir='ltr'><strong>of</strong></span> 
     </span>
     <span class='ocr_line' id='line_1_30' title="bbox 609 3871 2983 3987; baseline 0.002 -36"><span class='ocrx_word' id='word_1_225' title='bbox 609 3886 855 3951; x_wconf 87' lang='lat' dir='ltr'><strong>damna</strong></span> <span class='ocrx_word' id='word_1_226' title='bbox 919 3882 1210 3970; x_wconf 83' lang='lat' dir='ltr'><strong>plurima</strong></span> <span class='ocrx_word' id='word_1_227' title='bbox 1271 3886 1488 3952; x_wconf 89' lang='lat' dir='ltr'><strong>acrius</strong></span> <span class='ocrx_word' id='word_1_228' title='bbox 1554 3885 1958 3953; x_wconf 87' lang='lat' dir='ltr'><strong>inferebant.</strong></span> <span class='ocrx_word' id='word_1_229' title='bbox 2053 3888 2203 3968; x_wconf 81' lang='lat' dir='ltr'><strong>Quo</strong></span> <span class='ocrx_word' id='word_1_230' title='bbox 2268 3892 2551 3977; x_wconf 87' lang='lat' dir='ltr'><strong>cognito,</strong></span> <span class='ocrx_word' id='word_1_231' title='bbox 2594 3912 2715 3956; x_wconf 83' lang='lat' dir='ltr'><strong>rex</strong></span> <span class='ocrx_word' id='word_1_232' title='bbox 2738 3871 2983 3987; x_wconf 39' lang='lat' dir='ltr'><strong>{heli-mh</strong></span> 
     </span>
     <span class='ocr_line' id='line_1_31' title="bbox 609 3954 2955 4075; baseline 0.001 -23"><span class='ocrx_word' id='word_1_233' title='bbox 609 3987 881 4053; x_wconf 91' lang='lat' dir='ltr'><strong>collecto</strong></span> <span class='ocrx_word' id='word_1_234' title='bbox 927 3986 1226 4071; x_wconf 86' lang='lat' dir='ltr'><strong>exercitu</strong></span> <span class='ocrx_word' id='word_1_235' title='bbox 1271 3986 1346 4051; x_wconf 90' lang='lat' dir='ltr'><strong>in</strong></span> <span class='ocrx_word' id='word_1_236' title='bbox 1390 3986 1564 4053; x_wconf 89' lang='lat' dir='ltr'><strong>bello</strong></span> <span class='ocrx_word' id='word_1_237' title='bbox 1609 3989 1965 4075; x_wconf 86' lang='lat' dir='ltr'><strong>campestri</strong></span> <span class='ocrx_word' id='word_1_238' title='bbox 2010 3988 2429 4073; x_wconf 81' lang='lat' dir='ltr'><strong>Hibernicos</strong></span> <span class='ocrx_word' id='word_1_239' title='bbox 2452 3992 2713 4075; x_wconf 88' lang='lat' dir='ltr'><strong>devicit,</strong></span> <span class='ocrx_word' id='word_1_240' title='bbox 2738 3954 2955 4056; x_wconf 53' lang='lat' dir='ltr'><strong>abhxlf&#39;g</strong></span> 
     </span>
     <span class='ocr_line' id='line_1_32' title="bbox 609 4088 2969 4180; baseline 0.003 -25"><span class='ocrx_word' id='word_1_241' title='bbox 609 4096 679 4155; x_wconf 90' lang='lat' dir='ltr'><strong>et</strong></span> <span class='ocrx_word' id='word_1_242' title='bbox 741 4088 1112 4153; x_wconf 89' lang='lat' dir='ltr'><strong>dominium</strong></span> <span class='ocrx_word' id='word_1_243' title='bbox 1174 4093 1372 4156; x_wconf 84' lang='lat' dir='ltr'><strong>terrae</strong></span> <span class='ocrx_word' id='word_1_244' title='bbox 1435 4089 1610 4157; x_wconf 88' lang='lat' dir='ltr'><strong>sicut</strong></span> <span class='ocrx_word' id='word_1_245' title='bbox 1675 4092 1862 4178; x_wconf 91' lang='lat' dir='ltr'><strong>prius</strong></span> <span class='ocrx_word' id='word_1_246' title='bbox 1927 4092 2256 4158; x_wconf 87' lang='lat' dir='ltr'><strong>habuerat</strong></span> <span class='ocrx_word' id='word_1_247' title='bbox 2296 4094 2709 4180; x_wconf 86' lang='lat' dir='ltr'><strong>conquisivit.</strong></span> <span class='ocrx_word' id='word_1_248' title='bbox 2735 4096 2881 4175; x_wconf 60' lang='lat' dir='ltr'><strong>Levy</strong></span> <span class='ocrx_word' id='word_1_249' title='bbox 2908 4097 2969 4148; x_wconf 79' lang='lat' dir='ltr'><strong>of</strong></span> 
     </span>
     <span class='ocr_line' id='line_1_33' title="bbox 610 4164 2999 4294; baseline 0.002 -37"><span class='ocrx_word' id='word_1_250' title='bbox 610 4192 744 4257; x_wconf 87' lang='lat' dir='ltr'><strong>Sed</strong></span> <span class='ocrx_word' id='word_1_251' title='bbox 784 4196 1030 4270; x_wconf 84' lang='lat' dir='ltr'><strong>tamen,</strong></span> <span class='ocrx_word' id='word_1_252' title='bbox 1079 4194 1238 4256; x_wconf 87' lang='lat' dir='ltr'><strong>ante</strong></span> <span class='ocrx_word' id='word_1_253' title='bbox 1283 4212 1478 4257; x_wconf 89' lang='lat' dir='ltr'><strong>suum</strong></span> <span class='ocrx_word' id='word_1_254' title='bbox 1519 4192 1883 4259; x_wconf 87' lang='lat' dir='ltr'><strong>transitum</strong></span> <span class='ocrx_word' id='word_1_255' title='bbox 1926 4193 2001 4258; x_wconf 93' lang='lat' dir='ltr'><strong>in</strong></span> <span class='ocrx_word' id='word_1_256' title='bbox 2045 4193 2463 4273; x_wconf 84' lang='lat' dir='ltr'><strong>Hiberniam,</strong></span> <span class='ocrx_word' id='word_1_257' title='bbox 2504 4195 2714 4262; x_wconf 88' lang='lat' dir='ltr'><strong>levari</strong></span> <span class='ocrx_word' id='word_1_258' title='bbox 2736 4164 2999 4294; x_wconf 39' lang='lat' dir='ltr'><strong>&amp;3222oe</strong></span> 
     </span>
     <span class='ocr_line' id='line_1_34' title="bbox 608 4261 3031 4389; baseline 0 -31"><span class='ocrx_word' id='word_1_259' title='bbox 608 4293 856 4360; x_wconf 87' lang='lat' dir='ltr'><strong>fecerat</strong></span> <span class='ocrx_word' id='word_1_260' title='bbox 917 4292 1002 4365; x_wconf 89' lang='lat' dir='ltr'><strong>de</strong></span> <span class='ocrx_word' id='word_1_261' title='bbox 1064 4293 1462 4383; x_wconf 83' lang='lat' dir='ltr'><strong>Angligenis</strong></span> <span class='ocrx_word' id='word_1_262' title='bbox 1531 4298 1773 4372; x_wconf 85' lang='lat'><strong>20,000</strong></span> <span class='ocrx_word' id='word_1_263' title='bbox 1832 4318 2103 4375; x_wconf 83' lang='lat' dir='ltr'><strong>marcas,</strong></span> <span class='ocrx_word' id='word_1_264' title='bbox 2146 4298 2539 4385; x_wconf 87' lang='lat' dir='ltr'><strong>rogavitque</strong></span> <span class='ocrx_word' id='word_1_265' title='bbox 2598 4320 2716 4386; x_wconf 90' lang='lat' dir='ltr'><strong>per</strong></span> <span class='ocrx_word' id='word_1_266' title='bbox 2738 4309 2801 4385; x_wconf 46' lang='lat' dir='ltr'><strong>of·</strong></span> <span class='ocrx_word' id='word_1_267' title='bbox 2815 4308 2902 4359; x_wconf 82' lang='lat' dir='ltr'><strong>the</strong></span> <span class='ocrx_word' id='word_1_268' title='bbox 2938 4376 2950 4389; x_wconf 45' lang='lat'><strong>·</strong></span> <span class='ocrx_word' id='word_1_269' title='bbox 3002 4261 3031 4295; x_wconf 55' lang='grc' dir='ltr'><strong>Θ</strong></span> 
     </span>
     <span class='ocr_line' id='line_1_35' title="bbox 611 4375 3019 4489; baseline 0.003 -28"><span class='ocrx_word' id='word_1_270' title='bbox 611 4395 928 4483; x_wconf 86' lang='lat' dir='ltr'><strong>Angliam</strong></span> <span class='ocrx_word' id='word_1_271' title='bbox 989 4396 1262 4463; x_wconf 87' lang='lat' dir='ltr'><strong>abbates</strong></span> <span class='ocrx_word' id='word_1_272' title='bbox 1324 4401 1395 4463; x_wconf 88' lang='lat' dir='ltr'><strong>et</strong></span> <span class='ocrx_word' id='word_1_273' title='bbox 1461 4398 1814 4465; x_wconf 89' lang='lat' dir='ltr'><strong>monachos</strong></span> <span class='ocrx_word' id='word_1_274' title='bbox 1876 4400 2093 4465; x_wconf 89' lang='lat' dir='ltr'><strong>nostri</strong></span> <span class='ocrx_word' id='word_1_275' title='bbox 2154 4400 2406 4466; x_wconf 87' lang='lat' dir='ltr'><strong>ordinis</strong></span> <span class='ocrx_word' id='word_1_276' title='bbox 2468 4402 2714 4489; x_wconf 83' lang='lat' dir='ltr'><strong>Cister-</strong></span> <span class='ocrx_word' id='word_1_277' title='bbox 2741 4375 3019 4427; x_wconf 66' lang='lat' dir='ltr'>⁰¹⁸⁸⁴³r⁰¹²²¹¹</span> 
     </span>
    </p>
   </div>
   <div class='ocr_carea' id='block_1_3' title="bbox 2739 4458 2939 4493">
    <p class='ocr_par' dir='ltr' id='par_1_9' title="bbox 2739 4458 2939 4493">
     <span class='ocr_line' id='line_1_36' title="bbox 2739 4458 2939 4493; baseline 0.015 -2"><span class='ocrx_word' id='word_1_278' title='bbox 2739 4458 2855 4491; x_wconf 81' lang='lat' dir='ltr'><strong>mon</strong></span> <span class='ocrx_word' id='word_1_279' title='bbox 2861 4458 2939 4493; x_wconf 57' lang='lat'><strong>88*</strong></span> 
     </span>
    </p>
   </div>
   <div class='ocr_carea' id='block_1_4' title="bbox 611 4500 3031 4591">
    <p class='ocr_par' dir='ltr' id='par_1_10' title="bbox 611 4500 3031 4591">
     <span class='ocr_line' id='line_1_37' title="bbox 611 4500 3031 4591; baseline 0.003 -26"><span class='ocrx_word' id='word_1_280' title='bbox 611 4500 846 4565; x_wconf 87' lang='lat' dir='ltr'><strong>ciensis</strong></span> <span class='ocrx_word' id='word_1_281' title='bbox 891 4505 970 4566; x_wconf 88' lang='lat' dir='ltr'><strong>ut</strong></span> <span class='ocrx_word' id='word_1_282' title='bbox 1013 4504 1264 4566; x_wconf 88' lang='lat' dir='ltr'><strong>certam</strong></span> <span class='ocrx_word' id='word_1_283' title='bbox 1308 4522 1634 4567; x_wconf 90' lang='lat' dir='ltr'><strong>summam</strong></span> <span class='ocrx_word' id='word_1_284' title='bbox 1679 4503 1976 4589; x_wconf 86' lang='lat' dir='ltr'><strong>pecuniae</strong></span> <span class='ocrx_word' id='word_1_285' title='bbox 2013 4503 2226 4569; x_wconf 91' lang='lat' dir='ltr'><strong>eidem</strong></span> <span class='ocrx_word' id='word_1_286' title='bbox 2272 4503 2712 4591; x_wconf 84' lang='lat' dir='ltr'><strong>providerent.</strong></span> <span class='ocrx_word' id='word_1_287' title='bbox 2742 4509 2907 4569; x_wconf 80' lang='lat' dir='ltr'><strong>teries,</strong></span> <span class='ocrx_word' id='word_1_288' title='bbox 2929 4512 3031 4561; x_wconf 76' lang='lat' dir='ltr'><strong>anu</strong></span> 
     </span>
    </p>
   </div>
   <div class='ocr_carea' id='block_1_5' title="bbox 615 4575 3005 4693">
    <p class='ocr_par' dir='ltr' id='par_1_11' title="bbox 615 4575 3005 4693">
     <span class='ocr_line' id='line_1_38' title="bbox 615 4575 3005 4693; baseline 0.005 -28"><span class='ocrx_word' id='word_1_289' title='bbox 615 4601 762 4666; x_wconf 87' lang='lat' dir='ltr'><strong>Illis</strong></span> <span class='ocrx_word' id='word_1_290' title='bbox 790 4607 1013 4667; x_wconf 88' lang='lat' dir='ltr'><strong>autem</strong></span> <span class='ocrx_word' id='word_1_291' title='bbox 1043 4602 1595 4689; x_wconf 88' lang='lat' dir='ltr'><strong>respondentibus</strong></span> <span class='ocrx_word' id='word_1_292' title='bbox 1625 4604 1807 4688; x_wconf 90' lang='lat' dir='ltr'><strong>quod</strong></span> <span class='ocrx_word' id='word_1_293' title='bbox 1834 4603 2085 4691; x_wconf 83' lang='lat' dir='ltr'><strong>absque</strong></span> <span class='ocrx_word' id='word_1_294' title='bbox 2116 4626 2434 4671; x_wconf 87' lang='lat' dir='ltr'><strong>consensu</strong></span> <span class='ocrx_word' id='word_1_295' title='bbox 2452 4606 2717 4673; x_wconf 86' lang='lat' dir='ltr'><strong>abbatis</strong></span> <span class='ocrx_word' id='word_1_296' title='bbox 2740 4575 3005 4693; x_wconf 43' lang='lat' dir='ltr'><strong>{Zizetiaggd</strong></span> 
     </span>
    </p>
   </div>
   <div class='ocr_carea' id='block_1_6' title="bbox 614 4704 3048 4795">
    <p class='ocr_par' dir='ltr' id='par_1_12' title="bbox 614 4704 3048 4795">
     <span class='ocr_line' id='line_1_39' title="bbox 614 4704 3048 4795; baseline 0.001 -25"><span class='ocrx_word' id='word_1_297' title='bbox 614 4704 1082 4782; x_wconf 69' lang='lat' dir='ltr'><strong>cisterciensis,</strong></span> <span class='ocrx_word' id='word_1_298' title='bbox 1128 4705 1432 4792; x_wconf 88' lang='lat' dir='ltr'><strong>capitalis</strong></span> <span class='ocrx_word' id='word_1_299' title='bbox 1491 4705 1754 4773; x_wconf 82' lang='lat' dir='ltr'><strong>abbatis</strong></span> <span class='ocrx_word' id='word_1_300' title='bbox 1820 4707 2089 4788; x_wconf 87' lang='lat' dir='ltr'><strong>ordinis,</strong></span> <span class='ocrx_word' id='word_1_301' title='bbox 2135 4708 2347 4795; x_wconf 86' lang='lat' dir='ltr'><strong>ipsam</strong></span> <span class='ocrx_word' id='word_1_302' title='bbox 2392 4730 2717 4775; x_wconf 88' lang='lat' dir='ltr'><strong>summam</strong></span> <span class='ocrx_word' id='word_1_303' title='bbox 2742 4708 2875 4759; x_wconf 80' lang='lat' dir='ltr'><strong>from</strong></span> <span class='ocrx_word' id='word_1_304' title='bbox 2897 4711 3048 4761; x_wconf 76' lang='lat' dir='ltr'><strong>them.</strong></span> 
     </span>
    </p>
   </div>
  </div>
 </body>
</html>
