3519 5734
659 909 668 918 .
773 830 903 894 154
1431 839 1628 892 ΑΜΕ
1671 841 1891 891 ABBAs
1936 840 2213 891 ramus.

769 1046 972 1084 corum
993 1028 1234 1094 nutrit0,
1260 1028 1467 1085 beatus
1504 1027 1862 1093 BemarduS‚
1888 1027 2067 1083 abbas
2099 1015 2643 1092 ClaraevallenSiS‚
2670 1015 2754 1080 de
2784 1033 2865 1078 eo

772 1122 858 1177 sic
893 1104 1285 1194 prophetavit,
1323 1127 1612 1194 praesente
1648 1141 1811 1194 rege,
1854 1125 1893 1149 “
1920 1121 2010 1177 De
2042 1120 2335 1186 diabolo‚”
2372 1120 2582 1192 inquit,
2628 1122 2664 1146 ‘⁶
2682 1117 2861 1181 venit,

773 1209 812 1233 “
853 1215 913 1262 et
947 1207 1023 1262 ad
1055 1207 1352 1263 diabolum
1386 1206 1554 1262 ibit?
1625 1207 1854 1263 Notans
1877 1224 1984 1278 per
2020 1207 2129 1262 hoc
2152 1212 2275 1262 t'am
2297 1203 2646 1261 tirannidem
2680 1201 2865 1274 patris

769 1300 862 1355 sui
913 1299 1164 1356 Galfridi
1200 1289 1462 1356 contra¹
1503 1300 1849 1372 Sagiensem
1894 1299 2250 1372 episcopum,
2280 1317 2455 1371 quam
2479 1299 2657 1353 etiam
2691 1295 2865 1376 istius

771 1391 1018 1449 Hem-ici
1068 1394 1326 1450 futuram
1378 1393 1765 1460 atrocitatem,
1807 1411 1924 1464 qua
1956 1392 2020 1448 in
2074 1392 2313 1448 beatum
2366 1391 2649 1448 Thomam
2684 1388 2866 1444 desae-

768 1476 940 1532 viret.

767 1805 924 1871 CAP.
989 1803 1346 1871 XXXVII.
1409 1805 1510 1871 De
1561 1803 1751 1889 filiis
1796 1802 2094 1871 Hemrici
2136 1802 2319 1890 ‘1’39‘133
2336 1828 2364 1887 ;
2416 1801 2499 1869 de
2544 1796 2858 1868 dominio

945 1906 1302 1975 Hibeovzioe
1329 1931 1358 1990 ;
1405 1915 1464 1975 et
1507 1907 1588 1975 de
1617 1907 1660 1980 7
1691 1906 1935 1976 lustris
1980 1905 2227 1995 quibus
2256 1906 2482 1974 dictas
2510 1905 2589 1972 H
2585 1904 2860 1974 evm-icas

943 2010 1270 2098 ‘ray-navit.

429 2191 668 2246 children
685 2195 746 2246 of
850 2187 954 2254 De
1016 2188 1400 2278 praescripta
1461 2188 1775 2256 Alienora
1848 2189 1973 2256 iste
2039 2211 2159 2256 rex
2234 2186 2563 2255 Henricus
2634 2189 2675 2252 2
2740 2207 2857 2254 sex

426 2261 607 2326 Hem-y
628 2263 700 2314 11.

414 3545 530 3599 fil?

548 3544 592 3598 b.

759 2292 930 2359 filios
975 2293 1240 2360 inclitos
1283 2299 1354 2359 et
1398 2297 1533 2359 tres
1575 2293 1748 2360 filias
1792 2295 2156 2360 suscitavit.
2248 2293 2543 2374 Quarum
2588 2292 2855 2378 quidem

759 2395 1062 2475 filiarum,
1097 2396 1440 2462 Matildem
1485 2397 1766 2483 primam
1813 2397 1963 2463 duci
2002 2397 2349 2478 Simorum,
2394 2395 2779 2461 Alienoram
2813 2399 2853 2460 2

755 2501 896 2588 regi
941 2500 1305 2587 Hispaniae,
1354 2506 1424 2567 et
1473 2501 1857 2567 Johannam
1915 2501 2183 2566 tertiam
2230 2498 2589 2565 Willielmo
2650 2499 2849 2586 [regi]

759 2605 1014 2671 Cesiliae
1044 2604 1395 2692 copulavit.
1481 2604 1758 2670 Duobus
1802 2604 2046 2691 quippe
2090 2602 2250 2668 filiis
2292 2603 2428 2668 suis
2456 2607 2854 2690 praemature

754 2707 1048 2784 sublatiS,
1095 2708 1168 2773 in
1235 2707 1500 2794 reliquis
1549 2712 1590 2772 4
1634 2729 1843 2794 usque
1908 2707 1994 2772 ad
2055 2711 2338 2773 mortem
2399 2707 2641 2775 meruit
2703 2727 2850 2793 per-

755 2810 1024 2876 turbari.
1119 2810 1416 2891 Quorum
1463 2812 1524 2893 4,
1573 2808 1903 2876 Henricus
1968 2810 2221 2898 primus
2288 2814 2633 2876 coronatus
2700 2809 2849 2891 fuit,

751 2919 940 2999 patre
1005 2914 1220 2980 adhuc
1263 2914 1550 2993 vivente,
1598 2913 1712 2980 sed
1775 2913 2025 2999 absque
2086 2912 2310 2979 liberis
2370 2917 2526 2979 ante
2592 2918 2849 3000 patrem

649 3002 652 3005 ⁴
752 3037 944 3082 suum
1011 3023 1113 3083 est
1180 3014 1539 3084 defunctus,
1648 3017 1731 3080 In
1796 3016 2095 3103 catalogo
2116 3014 2145 3051 ²
2208 3021 2435 3081 tamen
2500 3038 2617 3081 seu
2684 3015 2846 3081 serie

749 3142 978 3207 regum
995 3116 1006 3129 ⁸
1023 3120 1284 3208 Angliae
1329 3120 1616 3208 regalem
1644 3120 2027 3185 memoriam
2058 3141 2192 3185 non
2236 3120 2529 3185 sortitur.
2606 3118 2848 3185 Secun-

750 3224 873 3289 dus
917 3230 1142 3291 autem
1189 3224 1533 3302 RicarduS,
1561 3223 2067 3311 cognominatus
2114 3220 2245 3289 Cor
2290 3222 2546 3301 LeoniS,
2576 3221 2679 3288 cui
2724 3242 2846 3287 rex

749 3332 940 3415 pater
982 3328 1167 3394 dedit
1209 3328 1523 3394 ducatum
1549 3326 1934 3413 Aquitaniae
1978 3332 2050 3391 et
2092 3326 2481 3392 comitatum
2510 3324 2841 3404 Pictaviae‚

748 3436 898 3518 post
956 3436 1215 3519 patrem
1273 3453 1467 3497 suum
1511 3429 1718 3517 regali
1781 3427 2153 3495 diademate
2206 3429 2453 3495 meruit
2517 3427 2840 3516 insigniri.

749 3530 1011 3595 Tertius
1055 3529 1188 3595 fuit
1234 3528 1587 3607 Giufi-idua,
1633 3528 1741 3595 cui
1786 3550 1908 3593 rex
1948 3533 2138 3616 pater'
2182 3528 2368 3595 dedit
2414 3530 2797 3595 comitatum
2817 3526 2845 3564 ³

751 3631 1172 3719 Andegaviae.
1266 3632 1358 3697 Et
1402 3637 1678 3718 quartus
1736 3631 1868 3697 fuit
1910 3630 2270 3712 JohanneS,
2316 3630 2422 3696 cui
2482 3652 2599 3697 rex
2657 3634 2846 3718 pater

750 3734 935 3800 dedit
989 3735 1357 3801 dominium
1401 3734 1763 3816 Hiberniae,
1812 3738 1880 3801 et
1940 3735 2331 3800 comitatum
2378 3733 2727 3800 Mortoniae
2770 3734 2843 3798 in

749 3837 819 3901 N
821 3836 1202 3905 ormannia.⁴
1295 3837 1428 3919 Qui
1484 3842 1637 3926 post
1681 3837 2040 3905 Ricardum
2083 3838 2356 3904 fratrem
2401 3860 2594 3904 suum
2654 3836 2841 3924 regni

748 3939 1052 4008 diadema
1111 3947 1213 4009 est
1276 3942 1569 4029 adeptus.
1680 3940 1834 4029 Ipse
1908 3945 2135 4007 autem
2205 3938 2559 4019 Galffidus,
2628 3959 2841 4005 comes

746 4042 1111 4111 Britanniae
1201 4050 1270 4110 ct
1345 4043 1773 4132 Andegaviae,
1850 4045 2086 4131 genuit
2178 4044 2259 4110 de
2350 4041 2491 4108 filia
2579 4042 2838 4109 comitis

745 4144 1130 4226 Britanniae,
1173 4162 1290 4235 per
1356 4170 1554 4235 quam
1601 4148 2019 4213 Britanniam
2065 4147 2372 4225 habebat,
2420 4145 2709 4233 suscepit
2752 4166 2835 4209 ex

742 4248 887 4335 ipsa
946 4250 1157 4316 filium
1221 4250 1488 4317 nomine
1534 4251 1921 4317 Arthurum.
2017 4249 2151 4330 Qui
2211 4250 2545 4316 Arthurus
2612 4252 2841 4334 postea

743 4350 973 4419 debuit
1016 4376 1322 4442 regnasse
1365 4360 1515 4443 post
1561 4354 1917 4421 Ricardum
1962 4375 2198 4440 regem,
2244 4358 2553 4440 patruum
2601 4368 2835 4434 suum3

1282 4509 1457 4515 -—-
1506 4509 1521 4514 -
1562 4508 1727 4513 ——--
1782 4508 1896 4513 -...—
1918 4508 2020 4513 Ἦ-
2242 4506 2837 4515 ---,---..-“--.---

1271 4573 1285 4611 ¹
1319 4579 1516 4645 contra]
1555 4576 1643 4643 qui
1664 4577 2051 4638 eunuchaverat,
2072 4577 2163 4629 Br.

1269 4660 1290 4691 2
1321 4657 1563 4725 meatoqo]
1605 4658 1884 4724 emungo,
1907 4658 2019 4710 MS.

1269 4742 1290 4769 ³
1321 4737 1618 4803 comitatum]
1657 4738 1923 4789 comitatus
1943 4737 2221 4789 Britanniae
2243 4744 2308 4799 et,
2332 4736 2445 4790 MS.

1273 4819 1290 4849 ⁴
1323 4816 1662 4883 Narmannia]
1699 4816 1753 4868 in
1772 4817 2025 4869 Hibernia
2046 4818 2238 4880 erased,
2261 4817 2377 4869 MS.
