3519 5734
1351 833 1551 882 ADAM
1594 832 1813 882 ABBAS
1857 829 2130 882 PRIMUS.
2661 819 2785 880 121

696 1009 875 1071 teres
894 1001 915 1042 ¹
962 1028 1157 1094 super
1212 1005 1453 1072 altaria
1514 1007 2015 1087 detruncabant,
2060 1006 2520 1072 crucifixorum
2578 1003 2794 1093 capita

696 1107 983 1174 abscissa
1060 1131 1257 1195 super
1340 1131 1655 1174 caesorum
1730 1131 2003 1196 corpora
2076 1109 2429 1197 ponebant,
2505 1114 2796 1174 mortuo-

698 1232 843 1275 rum
910 1219 1083 1277 vero'
1139 1214 1357 1298 capita
1429 1217 1814 1277 mutuantes
1875 1233 2070 1298 super
2144 1212 2458 1277 crucifixa
2528 1232 2797 1296 repone-

696 1312 875 1380 bant.
969 1313 1221 1379 Audito
1289 1314 1497 1402 igitur
1562 1313 1940 1399 hujusmodi
2000 1314 2298 1380 adventu
2356 1314 2518 1379 dicti
2572 1313 2794 1378 David
2819 1319 3098 1372 Collection

695 1416 867 1502 regis
936 1415 1317 1481 Scottorum
1391 1439 1598 1502 usque
1664 1417 1752 1482 ad
1813 1416 1882 1480 N
1884 1417 2450 1483 orthalvertonam
2518 1415 2795 1482 tenden·
2815 1387 3128 1505 {5⁰3⁸}

696 1515 833 1596 tis,2
904 1519 1303 1584 Willielmus
1380 1518 1585 1584 Groos
1660 1541 1875 1585 comes
1967 1502 2386 1584 Albeniarliae
2483 1517 2794 1582 fundator
2817 1521 3112 1571 Albemarle

695 1623 919 1686 noster
992 1627 1063 1686 et
1136 1621 1471 1686 Walterus
1549 1621 1774 1708 Espek
1855 1621 2173 1687 fundator
2245 1619 2792 1686 monasteriorum
2816 1588 2918 1637 ’Μ
2943 1588 3130 1639 others.

696 1722 779 1786 de
843 1723 1147 1802 Rievalli,
1206 1723 1542 1788 Wardona
1603 1729 1672 1789 et
1739 1723 2147 1809 Kyrkeham‚
2209 1729 2279 1788 et
2339 1723 2454 1787 alii
2500 1743 2792 1809 proceres

358 1819 561 1898 Ajh'ed·
697 1822 1183 1906 Cishumbrani‚
1222 1834 1285 1888 in
1332 1853 1514 1890 unum
1557 1837 1987 1900 convenientes,
2041 1834 2170 1905 ejus
2225 1834 2461 1889 conatui
2509 1833 2790 1889 resistere

358 1886 581 2003 ἓῗέιῃιο
695 1927 1083 1982 decreverunt
1138 1967 1387 1982 .....
1458 1926 1576 1982 Sed
1630 1932 1691 1982 et
1740 1927 2107 1982 Thurstanus
2161 1926 2548 1982 Eboracensis
2603 1925 2790 1980 archi·

363 2018 670 2080 standardii,
695 2012 1004 2083 episeopus
1041 2027 1146 2083 per
1191 2017 1377 2066 totam
1423 2011 1726 2067 dioeeesim
1774 2030 1942 2067 suam
1990 2011 2248 2068 edictum
2295 2010 2626 2082 episcopale
2662 2028 2794 2081 pro-

361 2085 459 2136 001·
482 2091 597 2137 337·
693 2097 911 2166 posuit,
962 2102 1031 2151 ut
1076 2096 1148 2151 de
1196 2096 1446 2168 singulis
1485 2097 1780 2168 parochiis
1817 2097 2180 2168 presbyteris
2231 2113 2368 2151 cum
2422 2114 2618 2160 eruce,
2657 2111 2794 2150 vex-

695 2180 836 2244 illis,
886 2181 1272 2253 reliquiisque
1322 2191 1655 2237 sanctorum
1702 2181 2122 2252 praeeuntibus,
2167 2197 2368 2236 omnes
2412 2181 2515 2252 qui
2554 2185 2795 2250 possent

694 2264 769 2320 ad
804 2264 963 2320 bella
1000 2267 1316 2336 procedere
1353 2266 1428 2322 ad
1460 2283 1734 2338 proceres
1772 2271 2170 2336 properarent,
2211 2265 2520 2320 ecclesiam
2560 2263 2788 2318 Christi

360 2356 669 2408 Hemllunt.
693 2361 893 2412 contra
925 2357 1204 2413 barbaros
1239 2357 1555 2413 defensuri.
1674 2350 1768 2414 Et
1840 2371 1989 2414 cum
2051 2350 2191 2435 ipse
2254 2349 2784 2434 archiepiscopus

354 2441 409 2488 Ρ·
432 2429 547 2474 388·
692 2449 876 2514 senio
942 2455 1014 2514 et
1086 2450 1301 2515 morbi
1362 2473 1557 2516 causa
1631 2472 1872 2537 pugnae
1947 2471 2084 2514 non
2157 2450 2382 2536 potuit
2455 2449 2787 2526 interesse,

695 2551 875 2616 misit
924 2551 1063 2616 loeo
1125 2574 1245 2616 suo
1307 2552 1711 2617 Radhulfum
1779 2553 2150 2639 episcopum
2195 2551 2540 2617 Orcadum.
2636 2548 2788 2614 Dis-

694 2653 926 2738 positis
969 2675 1121 2739 ergo
1166 2653 1447 2733 aciebus,
1492 2655 1631 2719 fixo
1682 2654 2040 2720 standardo
2085 2653 2336 2740 insigni
2382 2653 2564 2738 regio
2609 2653 2786 2738 apud
2817 2670 3052 2723 Erection
3074 2674 3140 2723 of

358 2753 490 2807 Aur.
510 2757 656 2808 Riev.
694 2753 1150 2834 Alvertonam,
1188 2763 1518 2818 sacerdotes
1556 2765 1738 2820 sacris
1775 2765 2038 2821 vestibus
2087 2763 2384 2820 candidati
2409 2781 2569 2818 -cum
2605 2762 2793 2818 cruci·
2817 2738 3069 2857 &3531
3105 2814 3130 2857 t

356 2822 453 2874 ⁰⁰¹·
476 2829 591 2877 343.
690 2853 802 2911 bus
838 2855 1223 2928 reliquiisque
1277 2864 1609 2912 sanctorum
1660 2858 1982 2914 exercitum
2028 2856 2378 2921 ambiebant,
2418 2862 2480 2912 et
2527 2874 2792 2912 sermone
2818 2820 3106 2924 Alvertzn?

694 2947 873 3002 simul
922 2955 983 3003 et
1033 2949 1292 3005 oratione
1340 2950 1625 3021 populum
1674 2952 2088 3007 decentissime
2148 2950 2515 3006 roborabant.
2607 2940 2792 3006 Tunc
2817 2963 3004 3015 Efforoe
3026 2966 3088 3015 of

691 3040 957 3125 quidem
994 3049 1289 3105 Robertus
1324 3050 1498 3105 Brus.
1574 3092 1587 3105 .
1666 3092 1681 3105 .
1761 3093 1776 3107 .
1852 3052 1956 3123 qui
1991 3069 2128 3106 cum
2162 3057 2320 3106 esset
2353 3050 2426 3105 de
2456 3050 2594 3121 jure
2629 3052 2790 3122 regis
2815 3030 3026 3148 {⁰ssss

688 3144 1022 3215 Anglorum
1057 3160 1093 3197 a
1119 3143 1429 3213 juventute
1477 3150 1673 3198 tamen
1708 3144 1840 3214 regi
1891 3142 2104 3199 Scotioe
2155 3144 2458 3198 adhaerens
2497 3142 2573 3197 ad
2607 3145 2787 3198 maxi-
2814 3163 3048 3215 diffunde

688 3254 845 3292 mam
883 3236 1011 3307 ejus
1048 3236 1507 3291 familiaritatem
1542 3236 1886 3307 profecerat,
1926 3248 2145 3313 regem
2194 3226 2436 3292 Scotiae
2481 3226 2668 3305 adiit,
2720 3236 2788 3293 et·
2813 3230 2942 3295 king
2953 3230 3126 3280 David

687 3329 905 3415 ipsum
945 3352 1029 3395 ne
1073 3330 1160 3395 ad
1206 3329 1449 3395 bellum
1479 3328 1872 3417 ,procederet
1904 3329 2230 3394 dissuasit.
2323 3328 2606 3415 Ipsoque
2639 3350 2790 3416 rege
2813 3296 2944 3427 fffgm
2965 3297 3117 3361 ⁶3¹¹*

689 3430 913 3496 David
957 3431 1042 3496 ad
1088 3432 1269 3497 dicta
1312 3429 1587 3495 Roberti
1655 3430 1729 3493 in
1790 3429 2092 3496 lacrimas
2136 3430 2456 3495 dissoluto
2503 3431 2585 3496 de
2629 3452 2789 3516 pace

688 3540 849 3597 tunc
879 3534 1197 3619 temporis
1255 3533 1679 3598 trac-tandum
1721 3532 1970 3611 fuisset,
2035 3532 2164 3597 nisi
2231 3533 2464 3597 unicus
2511 3532 2791 3599 Williel-

687 3659 837 3702 mus
880 3635 1087 3723 ipsius
1132 3637 1305 3723 regis
1350 3640 1684 3722 cognatus,
1730 3634 1891 3700 belli
1949 3635 2266 3715 incentor,
2322 3636 2789 3722 superveniens

688 3739 907 3825 ipsum
954 3739 1315 3804 Robertum
1358 3738 1758 3825 proditorem
1825 3738 1970 3824 ipso
2029 3743 2322 3823 tempore
2366 3739 2788 3807 nominasset.

692 3841 893 3908 Unde
956 3842 1093 3928 ipse
1139 3840 1487 3918 Robertus,
1532 3839 1703 3904 nihil
1769 3843 2084 3916 moratus
2132 3838 2472 3905 vinculum
2515 3842 2671 3907 fidei
2720 3848 2788 3908 et

688 3942 1087 4031 homagium,
1122 3942 1359 4029 quibus
1404 3942 1665 4007 eatinus
1711 3941 1855 4028 regi
1901 3941 2144 4007 Scotiae
2191 3943 2506 4009 astrictus
2550 3944 2783 4021 fuerat,

689 4047 1072 4123 dissolvens,
1146 4045 1233 4110 ad
1304 4044 1558 4131 Anglos
1621 4050 1722 4110 est
1783 4064 2103 4109 reversus.
2227 4044 2484 4111 Deinde
2561 4052 2784 4111 autem
2811 4057 3040 4111 Δάαι-ρει
3067 4061 3136 4109 of

688 4151 859 4217 acies
918 4148 1005 4214 ad
1070 4148 1589 4235 congressionem
1657 4151 1928 4233 paratae,
1991 4146 2290 4234 episcopo
2361 4147 2782 4227 Orchadensi,
2808 4123 3098 4257 {2²02ssss

692 4279 865 4334 quem
901 4262 1004 4317 illo
1038 4261 1283 4315 misera-t
1314 4256 1789 4330 archiepiscopus
1825 4248 2268 4328 EboraoensiS,
2324 4266 2514 4315 stante
2548 4260 2611 4313 in
2656 4259 2783 4313 loco
2807 4264 2860 4306 to
2883 4256 2969 4307 the

690 4354 1081 4419 eminentiori,
1108 4372 1244 4408 cum
1266 4352 1483 4425 populo
1516 4350 1824 4422 praeliandi
1847 4352 2258 4407 necessitatem
2280 4351 2342 4406 in
2378 4351 2784 4407 remissionem
2807 4322 3024 4454 ξιῃῃξζώ

768 4634 783 4665 ¹
810 4632 1141 4699 presbyteros]
1168 4630 1485 4696 presbiteros.
1504 4631 1589 4680 the
1612 4646 1694 4681 or·
1861 4630 1882 4661 ¹
1913 4628 2172 4695 tendentis]
2208 4630 2534 4691 tendentium,
2557 4629 2617 4679 P.

694 4713 979 4781 thography
990 4713 1051 4765 of
1056 4712 1141 4761 the
1148 4711 1263 4763 MS.
1276 4711 1331 4761 in
1346 4711 1414 4761 all
1428 4710 1695 4761 instances.
