3519 5734
841 784 974 850 362
1489 797 1688 846 nuso
1731 794 1951 846 Anius
1994 795 2316 856 QUINTUS,

497 983 637 1035 A.D.
668 989 796 1035 1210
840 968 1055 1050 Quem
1113 968 1468 1050 redditum,
1515 970 1767 1056 pariter
1829 991 1979 1036 cum
2041 969 2313 1035 redditu
2340 988 2347 996 ·
2370 967 2541 1036 xiiii.
2586 968 2943 1036 solidorum

492 1057 678 1104 ’¹²²⁰‘
835 1071 910 1136 in
979 1071 1372 1154 Tunstallia,
1450 1072 1636 1138 dedit
1711 1071 1919 1139 abbas
1994 1073 2321 1140 Ricardus
2396 1075 2483 1137 10
2556 1071 2633 1136 in
2706 1093 2947 1138 eseam-

837 1175 1026 1240 bium
1067 1197 1191 1264 pro
1233 1197 1458 1242 annuo
1515 1175 1785 1242 redditu
1826 1175 1966 1242 xvi.
2014 1175 2377 1242 solidorum
2428 1175 2816 1242 exeuntium
2858 1176 2945 1242 de

834 1278 1033 1343 terris
1097 1283 1168 1344 et
1234 1279 1634 1345 tenementis
1694 1278 1946 1345 nostris
2010 1279 2085 1344 in
2154 1277 2581 1358 Monescrost,
2628 1277 2801 1344 sicut
2864 1279 2941 1344 in

493 1389 710 1454 Dymel-
836 1387 1132 1467 tempore
1175 1403 1298 1446 suo
1363 1381 1566 1448 etiam
1627 1382 1967 1448 referetur.
2058 1381 2151 1446 Et
2194 1381 2512 1468 magister
2554 1379 2893 1446 Galsridus
2918 1380 2938 1418 ¹

495 1462 628 1586 ΞΜ·
679 1535 726 1586 fr
837 1482 1168 1570 Gybwyn‚
1215 1483 1460 1550 nobilis
1524 1483 1797 1570 quidam
1858 1484 1967 1548 vir
2030 1483 2113 1548 de
2178 1483 2583 1550 australibus
2635 1483 2940 1570 partibus

500 1541 810 1668 Gffifm
833 1585 1118 1672 Angues,
1151 1585 1338 1652 dedit
1363 1585 1558 1652 nobis
1601 1587 1690 1652 ad
1723 1585 2047 1652 fabricam
2078 1586 2363 1654 ecclesiae
2388 1590 2643 1652 nostrae
2685 1586 2939 1674 viginti

498 1669 737 1734 0¹er
833 1687 1112 1753 bovatas
1155 1693 1351 1754 ten-20
1411 1689 1484 1753 in
1530 1687 1985 1773 Dymeltona?
2030 1709 2231 1774 quam
2288 1688 2529 1754 habuit
2574 1688 2655 1753 de
2698 1688 2939 1754 comite

495 1735 746 1852 ffgssxfilsseof
833 1789 1274 1868 Albemarliae‚
1316 1791 1392 1855 in
1437 1791 1839 1857 escambium
1880 1791 2227 1878 cujusdam
2270 1795 2469 1857 terrae
2514 1812 2715 1877 quam
2758 1791 2937 1857 idem

493 1868 580 1920 ὼε
600 1870 806 1920 chus-ch.
833 1893 1170 1958 Gaffridus
1191 1892 1219 1932 ⁸
1262 1893 1586 1958 habuerat
1649 1915 1734 1960 ex
1798 1894 1973 1959 dono
2041 1893 2285 1959 nobilis
2342 1893 2641 1958 mulieris
2699 1892 2935 1960 Aliciae

832 1997 914 2062 de
959 1995 1256 2082 Romely,
1302 1996 1532 2062 amicae
1577 1995 1884 2084 praedicti
1927 1995 2209 2076 comitis,
2253 1994 2567 2062 videlicet
2612 1994 2937 2062 willelmi

830 2099 957 2162 filii
1002 2097 1320 2165 Willelmi
1382 2098 1468 2164 de
1537 2099 1871 2166 Fortibus.
1963 2099 2057 2164 Et
2122 2119 2337 2164 comes
2382 2097 2739 2185 praedictus
2780 2121 2937 2165 eon-

830 2199 1128 2267 firmavit
1207 2200 1402 2268 nobis
1457 2195 1864 2289 'praedictam
1887 2199 1916 2240 ⁴
1988 2206 2253 2281 terram,
2326 2221 2478 2265 cum
2552 2199 2937 2268 hominibus

829 2327 975 2372 eam
1036 2305 1492 2372 excolentibus
1553 2309 1624 2370 et
1667 2308 1821 2370 tota.
1874 2303 2137 2390 sequela.
2178 2309 2423 2381 eorum,
2466 2299 2496 2338 ⁶
2514 2303 2801 2369 solutam
2845 2305 2935 2371 ab

829 2407 1013 2474 omni
1039 2408 1330 2486 serviti0‚
1363 2407 1709 2474 exactione
1755 2412 1827 2472 et
1869 2406 2366 2486 consuetudine,
2414 2411 2685 2492 excepto
2728 2405 2937 2473 forin—

825 2505 972 2578 seco
1039 2511 1352 2576 servitiO.⁵
1445 2509 1549 2575 De
1615 2507 1859 2595 quibus
1926 2509 2193 2598 quidem
2260 2507 2515 2574 nativis
2534 2507 2561 2545 ⁶
2632 2513 2935 2596 tempore

829 2613 1147 2680 Roberti.
1167 2612 1431 2680 abbatis
1497 2615 1580 2678 16
1625 2617 1859 2700 postea
1918 2611 2259 2692 referetur,
2305 2611 2425 2678 ubi
2490 2610 2807 2677 scribitur
2847 2613 2935 2679 de

826 2715 1176 2804 waghm⁷

827 3055 1000 3123 IIII.
1045 3056 1148 3125 Dc
1195 3054 1396 3124 terris
1448 3060 1509 3121 et
1553 3050 1955 3121 tenementis
2020 3051 2381 3141 acquisitis
2430 3050 2519 3119 in
2564 3050 2821 3131 Rowth,
2868 3060 2933 3121 et

1259 3158 1550 3247 factura
1589 3155 1907 3243 yramioe
1951 3164 2198 3223 nostroe
2240 3154 2539 3223 ibidem.⁸

488 3358 693 3412 Rowth.
915 3340 1284 3407 Herbertus
1329 3339 1412 3405 de
1457 3338 1702 3403 Sancto
1749 3336 2095 3417 Quintino,
2142 3336 2421 3424 acceptis
2488 3358 2529 3401 a.
2572 3338 2765 3405 nobis
2806 3358 2929 3405 xx.

487 3437 742 3556 onufsshgssfl
825 3443 1079 3523 marcis,
1121 3441 1427 3508 vendidit
1453 3440 1482 3478 ⁹
1520 3440 1715 3505 nobis
1756 3443 1895 3504 tres
1954 3438 2231 3506 bovatas
2280 3443 2477 3505 terrae
2522 3438 2593 3504 in
2640 3440 2928 3522 Rowth3

487 3522 770 3623 frossnner-
823 3544 1158 3612 reddendo
1203 3544 1332 3609 sibi
1393 3546 1464 3609 et
1524 3540 1878 3608 heredibus
1920 3542 2058 3606 suis
2102 3541 2183 3607 de
2226 3562 2364 3607 una
2406 3543 2655 3607 bovata
2697 3564 2929 3608 earum

488 3639 780 3768 &guast
823 3648 937 3712 xii.
983 3646 1286 3713 denarios
1309 3644 1358 3685 ¹⁰
1409 3651 1480 3711 et
1522 3645 1917 3711 forinsecum
1963 3644 2328 3723 servitium,
2376 3650 2444 3710 et
2487 3666 2609 3731 pro
2653 3644 2929 3731 reliquis

705 3744 718 3757 ⁰
826 3749 1081 3815 duabus
1126 3751 1420 3836 quinque
1479 3748 1718 3814 solidos
1779 3746 2142 3812 annuatim.
2235 3745 2337 3812 De
2398 3746 2640 3833 quibus
2699 3752 2927 3813 tamen

823 3854 1114 3941 quinque
1158 3852 1384 3918 solidis
1427 3873 1547 3916 nos
1590 3850 1985 3915 forinsecum
2028 3848 2374 3913 servitium
2416 3849 2629 3915 facere
2672 3854 2929 3917 tenere-

823 3978 989 4035 mur,
1035 3960 1108 4021 et
1167 3953 1503 4020 residuum
1565 3952 1861 4039 ipsorum
1928 3954 1967 4015 5
2014 3949 2374 4016 solidorum
2438 3951 2567 4017 sibi
2624 3958 2695 4019 et
2740 3954 2929 4021 here-

823 4058 1017 4125 dibus
1062 4058 1200 4125 suis
1243 4056 1640 4123 solveremus
1675 4079 1692 4137 ς
1737 4059 1825 4131 et,
1852 4052 1911 4119 si
1956 4052 2125 4119 forte
2168 4054 2389 4141 aliquo
2418 4076 2595 4120 anno
2621 4056 2927 4143 praedicti

828 4232 1047 4238 —-——.-—
1091 4230 1433 4237 -μᾷ-
1504 4225 1963 4236 -——--⁴-——--———

889 4326 904 4356 ¹
948 4322 1247 4391 Galfridus]
1281 4323 1574 4385 Ganfridus,
1595 4323 1658 4372 P.
1980 4322 2001 4349 ⁶
2034 4318 2221 4383 quidem
2243 4320 2453 4386 nativis]
2490 4322 2719 4388 wanting
2738 4324 2793 4373 in
2814 4324 2879 4375 P.

889 4408 909 4435 ²
943 4402 1264 4469 Dymeltona]
1301 4402 1632 4467 Dymyltona,
1655 4400 1714 4450 P.
1984 4402 2002 4427 ²
2036 4398 2120 4448 ubi
2142 4436 2153 4449 .
2180 4438 2193 4450 .
2219 4436 2231 4450 .
2267 4398 2521 4467 Waqhna]
2544 4403 2769 4470 wanting
2790 4403 2847 4454 in
2860 4404 2924 4455 P.

891 4487 912 4516 ³
951 4480 1246 4549 Gaffridus]
1287 4481 1576 4540 Gauii-idus,
1599 4480 1657 4529 P.
1980 4480 1998 4509 ⁸
2032 4486 2081 4529 et
2102 4516 2113 4529 .
2139 4517 2152 4530 .
2178 4517 2190 4529 .
2216 4478 2418 4547 ibidem]
2456 4483 2686 4548 wanting
2704 4483 2760 4534 in
2782 4484 2842 4535 P.

893 4566 911 4595 ⁴
939 4561 1251 4631 proedictam]
1287 4559 1462 4625 ipsam,
1484 4558 1544 4609 P.
1986 4561 2007 4589 ⁹
2036 4558 2277 4625 vendidit]
2322 4561 2589 4624 vendebat,
2610 4563 2672 4614 P.

892 4644 914 4673 ⁸
945 4640 1148 4693 solutam
1183 4676 1199 4691 .
1236 4674 1251 4690 .
1284 4673 1298 4686 .
1336 4638 1562 4705 ser-vitio]
1599 4637 1829 4703 wanting
1986 4638 2024 4668 ¹⁰
2055 4638 2210 4689 Aster
2226 4638 2457 4691 denarios
2477 4638 2634 4694 insert
2645 4644 2926 4699 annuatim.
