3519 5734
851 808 982 870 352
1371 817 1794 870 Ansxmsu
1836 817 2054 868 ABBAS
2098 817 2431 880 QUARTUS.

513 999 653 1052 ΑΛ).
681 1006 808 1054 1199
851 1009 1156 1066 quousque
1191 993 1414 1065 singuli
1447 1011 1556 1065 pro
1593 994 1717 1051 suis
1752 993 2126 1050 monasteriis
2162 998 2225 1050 et
2256 992 2401 1050 locis
2436 992 2613 1048 finem
2648 1009 2785 1048 eum
2808 1010 2955 1065 rege

511 1073 698 1121 -1216.
850 1079 1147 1136 fecissent.
1217 1077 1389 1134 Unde
1423 1095 1531 1134 nos
1565 1095 1674 1150 pro
1709 1076 1825 1133 fine
1860 1078 2027 1133 mille
2061 1095 2312 1144 marcas,
2350 1083 2421 1134 ut
2452 1077 2805 1149 praedictum
2838 1085 2950 1140 est,

513 1166 616 1217 His
637 1167 756 1218 hos-
848 1163 980 1234 regi
1016 1180 1088 1218 ex
1121 1161 1355 1234 integro
1405 1161 1798 1219 solvebamus.
1870 1161 2030 1218 Nam
2082 1161 2454 1217 monasteriis
2506 1161 2729 1218 ordinis
2766 1163 2953 1216 nostri

512 1233 812 1353 ξξὲῐέἱῒὲω-
847 1265 953 1303 rex
985 1246 1240 1302 maxime
1275 1247 1528 1302 infestus
1563 1246 1696 1312 fuit,
1725 1251 1787 1303 et
1806 1250 1973 1302 tanta
2005 1245 2349 1317 gravamina
2370 1244 2690 1318 'ingerebat
2722 1251 2791 1301 ut
2822 1263 2954 1318 per-

510 1365 667 1420 dam·
847 1348 1004 1386 sonae
1037 1330 1332 1386 nonnullae
1365 1329 1553 1386 nostri
1601 1327 1826 1385 ordinis
1874 1329 2229 1386 monasteria
2262 1347 2371 1386 sua
2402 1330 2665 1386 totaliter
2696 1329 2953 1401 relique-

845 1421 1006 1482 runt,
1045 1420 1108 1471 et
1156 1414 1535 1487 quamplures
1589 1412 1971 1470 societatibus
2014 1412 2284 1469 adunatis
2332 1414 2523 1470 maria
2568 1414 2945 1470 transierunt.

512 1499 612 1550 llis
641 1501 824 1552 confir·
846 1499 965 1555 Hic
1007 1504 1206 1556 autem
1253 1515 1360 1554 rex
1393 1498 1435 1554 J
1435 1498 1711 1564 ohannes,
1750 1497 1897 1552 dum
1948 1496 2143 1553 adhuc
2190 1497 2324 1570 paci
2372 1497 2640 1554 ecclesiae
2688 1497 2949 1570 aliquan-

512 1567 790 1686 ffi{¹{⁰ne‘;f
845 1585 1042 1640 tulum
1091 1582 1508 1654 congauderet,
1571 1598 1721 1638 anno
1773 1579 1947 1653 regni
1998 1580 2094 1637 sui
2145 1581 2276 1654 vj⁰.,
2328 1599 2439 1653 pro
2490 1601 2665 1638 xxxv.
2734 1582 2948 1637 mamis

513 1700 576 1748 of
589 1650 782 1754 qux
847 1667 1215 1724 confirmavit
1247 1666 1416 1724 nobis
1451 1671 1637 1724 totam
1661 1665 1993 1736 Waghnam
2018 1682 2153 1721 cum
2180 1665 2433 1722 ‘ecclesia
2466 1666 2733 1738 ejusdem
2767 1665 2947 1730 vium,

513 1769 689 1834 amq,
849 1771 984 1808 cum
1019 1750 1289 1808 omnibus
1324 1750 1456 1808 aliis
1491 1749 1864 1823 pertinentiis
1889 1749 2034 1814 suis,
2058 1755 2185 1805 tam
2216 1755 2405 1806 terras
2439 1750 2661 1806 ibidem
2682 1750 2757 1805 de
2780 1749 2950 1804 feodo

850 1836 1080 1892 comitis
1115 1834 1512 1899 Albemarliae,
1551 1841 1676 1894 tam
1723 1839 1914 1890 terras
1962 1850 2110 1905 quas
2144 1835 2625 1905 recuperavimus
2662 1833 2737 1889 de
2784 1833 2949 1902 (ἢεί-

849 1917 1030 1991 frido]
1067 1917 1424 1975 Eboracensi
1459 1917 1916 1990 archiepiscope,
1954 1923 2024 1974 ut
2056 1917 2386 1988 praefertur.
2461 1917 2569 1983 Ac,
2597 1923 2813 1990 praeter
2834 1917 2952 1972 alia

849 2004 1015 2060 nobis
1050 2003 1218 2076 prius
1255 2019 1532 2058 concessa
1581 2008 1644 2058 et
1690 1989 2050 2066 confirmata,
2108 2000 2388 2072 grangias
2442 2008 2675 2058 nostras
2711 2002 2785 2057 de
2824 2002 2951 2057 Sal-

849 2089 1049 2158 taghe,
1117 2087 1615 2158 Tharlesthorpia,
1677 2085 1942 2156 Mytona,
2004 2083 2193 2150 Mora,
2270 2085 2515 2152 Oktona,
2576 2086 2944 2150 Wharroma,

849 2170 1318 2235 Blaunchmarle,
1361 2169 1645 2242 Skyrena,
1683 2169 2002 2240 Erghoma,
2042 2173 2103 2223 et
2148 2168 2501 2240 Hayholmo,
2539 2170 2853 2242 piscariam
2890 2177 2952 2226 et

815 2255 1176 2312 'vaccariam
1211 2271 1392 2325 super
1442 2253 1646 2319 Hullo,
1684 2271 1823 2309 cum
1875 2252 2179 2325 adjacente
2232 2255 2485 2308 marisco
2534 2253 2608 2309 de
2664 2253 2948 2318 Suttona3

847 2357 1046 2395 omnes
1073 2339 1252 2394 etiam
1273 2344 1463 2394 terras
1487 2345 1548 2394 et
1568 2343 1903 2394 tenementa
1924 2355 2057 2409 quae
2080 2342 2221 2392 tunc
2244 2336 2556 2393 habuimus
2580 2337 2643 2393 in
2665 2338 2948 2401 EboracO,

847 2423 1186 2489 BeverlacO,
1215 2422 1480 2495 Burgho‚
1505 2421 1775 2487 Hedona,
1801 2420 2088 2486 Arnallia,
2127 2421 2499 2492 AldburghO,
2534 2421 2945 2493 Dodyngtonu,

846 2508 1112 2573 Beforth,
1179 2506 1577 2578 Drynghowe,
1661 2505 1895 2571 Setona,
1957 2505 2230 2572 Daltona‚
2301 2506 2555 2572 Wartre,
2630 2506 2949 2562 Har-aldes-

845 2593 1100 2664 thorpia,
1141 2591 1624 2664 Woggethorpia,
1679 2588 2062 2656 Mollescroflz,
2102 2590 2165 2644 in
2217 2589 2363 2646 villa
2412 2590 2613 2646 Sancti
2666 2591 2949 2662 Botulphi

847 2683 908 2732 et
953 2678 1015 2731 in
1055 2675 1441 2747 Knottyngle,
1481 2674 1652 2730 nobis
1699 2673 2097 2730 confirmabat.
2174 2673 2316 2742 Quoe
2363 2675 2577 2739 omnia,
2617 2675 2840 2746 pariter
2886 2681 2951 2729 et

846 2778 972 2825 nos,
1010 2759 1200 2815 voluit
1233 2758 1424 2814 libera
1457 2775 1588 2814 esse
1623 2761 1684 2812 et
1719 2758 1921 2830 quieta
1970 2757 2045 2812 de
2097 2757 2447 2814 omnimodis
2500 2758 2943 2824 misericordiis,

847 2843 1236 2901 forisfacturis
1271 2847 1334 2899 et
1365 2841 1649 2914 tallagiis,
1687 2848 1750 2898 et
1796 2841 1973 2899 sectis
2021 2842 2405 2899 comitatuum
2440 2849 2503 2899 et
2535 2843 2944 2916 threthynges,

847 2938 909 2984 et
965 2927 1472 3000 wapintagiorum,
1535 2926 1874 2993 assisarum,
1932 2925 2303 2998 placitorum,
2368 2932 2431 2983 et
2498 2928 2734 2984 auxiliis
2790 2930 2951 2985 vice·

847 3012 1126 3068 comitum
1161 3017 1222 3067 et
1257 3010 1642 3067 servientium
1677 3027 1899 3074 eorum,
1940 3014 2001 3065 et
2034 3010 2108 3065 de
2143 3011 2301 3066 omni
2336 3017 2569 3067 terreno
2606 3013 2849 3069 servitio
2889 3021 2951 3069 et

849 3096 1144 3153 exactione
1169 3094 1472 3161 saeculari3
1510 3100 1572 3150 et
1607 3093 1765 3165 quod
1798 3094 2115 3153 habeamus
2138 3112 2338 3151 omnes
2373 3096 2677 3153 libertates
2704 3102 2767 3153 et
2789 3096 2951 3167 quie-

847 3181 1063 3236 tantias
1099 3198 1231 3253 quae
1267 3197 1304 3235 a
1335 3178 1579 3251 regibus
1615 3176 1855 3249 Angliae
1894 3178 2062 3233 nobis
2099 3179 2196 3234 vel
2232 3179 2529 3251 aliquibus
2566 3181 2701 3236 aliis
2737 3181 2810 3236 de
2858 3199 2951 3236 or-

849 3266 986 3320 dine
1019 3270 1220 3320 nostro
1247 3262 1627 3320 cisterciensi
1651 3261 2149 3329 concedebantur3
2190 3269 2252 3319 et
2284 3280 2361 3319 ne
2396 3266 2531 3336 quis
2554 3283 2695 3322 oves
2716 3272 2948 3321 nostras

851 3366 1059 3421 capere
1111 3349 1209 3405 vel
1265 3364 1480 3403 vexare
1532 3352 1937 3419 praesumeret,
1976 3364 2085 3402 nec
2132 3364 2239 3403 nos
2290 3364 2397 3419 per
2450 3348 2587 3405 illas
2634 3351 2943 3413 namiaret‚

853 3432 1132 3504 quamdiu
1155 3431 1271 3489 alia
1291 3432 1671 3487 habuerimus
1696 3430 1973 3485 animalia
2006 3447 2113 3502 per
2146 3449 2278 3503 quae
2301 3432 2596 3503 possimus
2625 3433 2946 3504 justitiari3

852 3523 913 3571 et
945 3535 1019 3571 ne
1056 3515 1272 3587 aliquis
1318 3533 1444 3581 nos,
1483 3532 1580 3569 res
1631 3520 1736 3569 aut
1783 3513 2181 3585 possessiones
2230 3520 2479 3579 nesta-as,
2520 3534 2787 3588 gravare,
2824 3523 2949 3572 tur-

851 3600 992 3655 bare
1027 3600 1125 3655 vel
1164 3597 1485 3663 invadiare,
1525 3602 1926 3668 praesumeret,
1968 3598 2079 3653 sub
2125 3598 2498 3655 forisfactura
2532 3600 2807 3657 undecim
2839 3602 2950 3656 lib-

514 3696 834 3760 Reconquest
852 3700 1055 3740 rarum
1089 3682 1322 3754 argenti
1355 3681 1719 3754 prohibebat.
1782 3682 1902 3737 Hie
1926 3688 2124 3737 autem
2146 3700 2252 3737 rex
2275 3683 2315 3738 J
2316 3683 2570 3739 ohannes
2595 3685 2949 3741 Hiber-nicos

517 3764 578 3814 of
593 3762 810 3813 steland·
855 3767 968 3823 sibi
1003 3766 1354 3822 rebellantes
1389 3766 1634 3821 collecto
1669 3765 1932 3821 exercitu
1966 3765 2029 3820 in
2075 3765 2231 3821 bello
2266 3769 2581 3839 campestri
2616 3768 2849 3835 devicit,
2890 3776 2951 3825 et

851 3851 1172 3907 dominium
1208 3849 1512 3905 Hiberniae
1549 3850 1706 3904 sicut
1750 3849 1917 3920 prius
1970 3849 2259 3906 habuerat
2292 3851 2665 3923 conquisivit,
2703 3852 2950 3909 durante

516 3946 750 4011 Appen·-
853 3936 1040 3992 adhuc
1092 3934 1423 3991 interdicto·
1498 3932 1699 4005 Hujus
1749 3934 1913 4004 regis
1965 3951 2115 3989 anno
2165 3934 2219 4000 3,
2258 3952 2459 3991 mense
2477 3936 2489 3949 '
2514 3936 2845 4002 Decembri,
2886 3939 2950 3993 in

516 4029 642 4095 ⁸3¹0&
664 4015 729 4064 of
851 4020 1156 4093 provincia
1188 4017 1564 4082 Eboracensi,
1609 4024 2009 4089 apparuerunt
2043 4018 2301 4090 quinque
2336 4018 2491 4074 lunae
2526 4019 2591 4075 in
2624 4022 2792 4088 coelo,
2832 4041 2951 4078 una.

517 4084 618 4131 five
633 4096 826 4133 mmm·
849 4105 915 4159 in
949 4105 1192 4169 oriente,
1231 4102 1349 4157 alia
1381 4101 1447 4155 in
1481 4099 1798 4165 occidente,
1837 4102 2017 4156 tertia
2054 4102 2119 4156 in
2168 4106 2387 4169 austr0,
2428 4109 2639 4175 quarta
2682 4105 2747 4160 in
2786 4108 2952 4177 aqui-

849 4187 1002 4253 lone,
1041 4193 1104 4242 et
1153 4186 1358 4257 quinta
1403 4184 1469 4239 in
1517 4182 1712 4238 medio
1762 4183 1899 4239 coeli
1952 4183 2242 4242 circuiens
2296 4187 2484 4242 sexies
2526 4188 2661 4244 illas
2698 4197 2949 4259 quatuor

850 4272 1021 4327 lunas
1071 4269 1242 4341 quasi
1289 4286 1396 4340 per
1445 4284 1623 4321 unam
1674 4266 1899 4331 horam,
1954 4273 2016 4323 et
2065 4270 2305 4325 tandem
2354 4271 2609 4327 evanuit.
2700 4272 2949 4329 Sanctus

851 4355 1034 4425 Hugo
1085 4350 1514 4407 Lincolniensis
1567 4349 1898 4421 episcopus,
1952 4351 2188 4408 natione
2235 4353 2615 4425 Burgundus,
2668 4364 2953 4427 perantes.

849 4439 1014 4512 prior
1048 4434 1204 4508 apud
1237 4434 1536 4505 wysiam,
1576 4432 2014 4492 Carthasiensis
2050 4435 2295 4505 ordinis,
2329 4438 2355 4511 j
2362 4444 2501 4495 uxta
2536 4440 2945 4509 Sat-esbiriam,

848 4522 1159 4581 defunctus
1193 4524 1302 4576 est.
