3519 5734
811 870 944 934 260
1413 878 1694 929 'monus
1739 878 1955 925 ABBAs
1999 875 2304 925 1111111116.

823 1190 980 1257 OAP.
1043 1187 1306 1254 XVIII.
1371 1187 1470 1252 De
1520 1184 1829 1251 transitu
1884 1181 2065 1268 reyie
2115 1179 2413 1247 Ricardi
2456 1200 2503 1245 a
2568 1178 2776 1265 inro
2838 1178 2932 1243 ad

995 1289 1256 1357 Aci-am
1273 1315 1302 1370 ;
1365 1289 1446 1355 de
1488 1288 1660 1353 navi
1704 1288 2247 1354 Sarracenmumn
2290 1289 2491 1370 capta
2549 1281 2636 1346 in
2694 1280 2887 1347 mari
2902 1304 2932 1361 ;

997 1392 1079 1459 de
1123 1390 1624 1477 expuynatione
1653 1390 1855 1454 Acroe
1891 1410 2019 1475 per
2064 1386 2425 1452 biennium
2460 1384 2611 1470 jam
2654 1384 2930 1462 obsessoe,

1000 1501 1059 1561 et
1089 1492 1432 1559 discordia
1475 1492 1732 1557 iterum
1774 1491 1961 1555 inter
1999 1510 2221 1573 reyem
2246 1487 2636 1553 Ricardum
2664 1492 2725 1551 et
2768 1484 2936 1550 Phi-

1004 1595 1282 1683 lippum
1317 1616 1538 1679 reyem
1565 1592 1885 1659 Francioe
1908 1618 1935 1672 ;
1984 1598 2045 1657 et
2090 1590 2174 1656 cle
2214 1589 2445 1675 jaculo
2486 1586 2809 1655 mirabili
2858 1609 2935 1653 ex

1001 1697 1194 1763 Aera
1237 1697 1324 1763 im,
1366 1695 1730 1763 amercitum
1774 1695 1953 1781 reyis
1992 1692 2287 1760 Ricardi
2332 1692 2535 1779 lapso,

487 1871 802 1924 A.D.1191.
921 1855 1081 1920 Post
1127 1854 1269 1921 haec
1312 1875 1434 1918 rex
1481 1851 1823 1931 Ricardus,
1872 1850 2141 1916 dimisso
2206 1849 2497 1914 Roberto
2560 1848 2641 1913 de
2686 1848 2938 1911 Thorn-

493 1950 528 2003 f.
553 1956 636 2000 ³⁶·
831 1957 989 2022 ham
1033 1956 1261 2034 milite,
1309 1960 1498 2042 patre
1546 1954 1849 2019 Isabellae
1896 1953 1979 2018 de
2026 1952 2427 2026 Thmuham,
2475 1950 2661 2036 eujus
2705 1971 2938 2034 corpus

492 2028 796 2146 {irvffiffigi
833 2061 907 2126 in
955 2058 1245 2145 capitulo
1308 2062 1536 2122 nostro
1603 2056 1940 2155 sepultfflm
2004 2055 2373 2141 requiescit,
2416 2054 2503 2119 ad
2564 2054 2782 2139 ipsum
2828 2050 2938 2117 Ci-

497 2161 619 2214 hm
639 2160 733 2209 left
753 2159 810 2207 in
835 2184 1028 2249 prum
1091 2160 1304 2226 eidem
1373 2158 1642 2223 Statino
1711 2158 2012 2223 totaliter
2074 2157 2555 2243 subjiciendum
2618 2156 2691 2220 in
2757 2174 2937 2218 mare

504 2226 720 2293 Cyprus·

499 2306 724 2357 Richard
835 2285 1065 2328 versus
1111 2264 1349 2327 Acram
1395 2281 1465 2326 se
1509 2260 1804 2325 immisit.
1920 2258 2223 2325 Secundo
2266 2280 2423 2323 vero
2491 2257 2940 2344 navigationis
2960 2262 3097 2339 nen.-

502 2372 624 2423 sailu
645 2372 727 2422 for
837 2386 974 2431 suae
1020 2365 1126 2429 die
1171 2363 1345 2428 vidit
1389 2362 1462 2426 in
1525 2362 1692 2425 mari
1736 2382 1977 2426 navem
2044 2360 2424 2439 maximam,
2470 2360 2775 2446 insigniis
2836 2380 2936 2423 re·
2960 2328 3007 2459 11:-
3006 2329 3149 2444 ⁶25¹?

501 2439 726 2581 gffgp-
837 2467 940 2553 ga]
948 2468 1094 2531 ibus
1155 2466 1328 2551 regis
1390 2464 1687 2531 Franciae
1756 2464 2148 2541 decoratam,
2196 2463 2377 2528 mille
2446 2468 2516 2528 et
2560 2461 2939 2548 quingentis
2959 2462 2996 2511 J
3000 2498 3013 2511 ·
3038 2462 3259 2523 Brompt.

503 2590 642 2663 tages
662 2598 694 2631 a
837 2569 1002 2633 viris
1047 2566 1326 2655 paganis
1371 2566 1701 2631 bellicosis
1748 2587 1899 2630 cum
1946 2565 2149 2629 armis
2195 2570 2264 2629 et
2308 2564 2703 2631 victualibus
2748 2586 2940 2629 onus-
2960 2528 3222 2651 ἒὲξὲὲἓὲζ

500 2649 794 2781 ἷὲἐξὶξῖω
839 2674 1072 2747 tatam,
1119 2690 1318 2753 quam
1366 2666 1744 2732 Saffadinus
1789 2666 1996 2731 frater
2039 2666 2359 2747 saladini,
2407 2666 2713 2731 dominus
2742 2665 2939 2729 Babi-
2959 2676 3007 2725 Ρ·
3032 2666 3143 2710 ⁶⁹²·

502 2782 756 2833 Saladin’s
841 2771 1056 2848 ioniae,
1107 2769 1480 2835 Sarracenis
1524 2768 1594 2831 in
1629 2770 1805 2833 Aera
1849 2768 2124 2833 obsessis
2168 2769 2237 2833 in
2287 2790 2513 2834 eorum
2557 2767 2939 2855 praesidium

502 2848 726 2900 brother.
844 2871 1361 2938 transmittebat.
1477 2870 1777 2935 Alloeuti
1822 2871 2087 2957 quidem
2156 2872 2284 2958 ipsi
2346 2872 2427 2937 de
2494 2893 2682 2949 nave,
2728 2893 2797 2935 se
2857 2871 2938 2936 de

843 2973 1204 3038 Antiochia
1249 2971 1548 3036 extitisse
1594 2975 1662 3036 et
1705 2971 1793 3036 ad
1839 2972 2220 3059 Philippum
2264 2995 2482 3060 regem
2530 2973 2823 3038 Franciae
2872 2993 2940 3036 se

845 3097 994 3141 cum
1037 3073 1435 3138 victualibus
1495 3095 1871 3160 properasse
1936 3075 2428 3161 responderunt.
2545 3073 2939 3161 Circumspi-

844 3175 1021 3244 ciens
1065 3181 1292 3242 tamen
1335 3196 1577 3240 navem
1621 3175 1997 3240 Antiochiae
2058 3178 2359 3264 princeps
2402 3175 2720 3262 comperit
2762 3175 2939 3261 ipsos

844 3279 1115 3344 fictitias
1160 3277 1525 3364 protulisse.
1623 3277 1820 3342 Unde
1864 3299 1983 3342 rex
2015 3279 2333 3344 Ricardus
2375 3281 2392 3308 ⁸
2416 3284 2483 3345 et
2514 3279 2617 3344 sui
2638 3280 2654 3308 '
2700 3299 2939 3342 navem

849 3381 1262 3457 invadentes,
1309 3380 1581 3466 paganis
1627 3380 1951 3456 omnibus,
1994 3385 2236 3466 praeter
2282 3403 2523 3468 paucos
2580 3402 2745 3466 quos
2802 3381 2942 3466 regi

852 3483 1145 3551 Franciae
1191 3487 1728 3568 praesentaverat,
1774 3482 1999 3547 occisis
2046 3488 2114 3548 et
2160 3483 2489 3559 demersis,
2518 3505 2665 3548 eam
2710 3483 2943 3547 subtus

511 3595 568 3648 Δ
591 3597 782 3646 certain
847 3585 1233 3672 perforando
1278 3584 1350 3647 in
1395 3584 1720 3670 profundo
1787 3584 2035 3671 pariter
2077 3584 2543 3650 demerserunt.
2634 3585 2746 3650 Sic
2789 3606 2942 3670 rege
2964 3591 3103 3670 Bau..

513 3663 783 3792 ξζᾞὲξὲ·
853 3687 1134 3751 Ricardo
1197 3708 1238 3750 a
1307 3685 1508 3771 Cipro
1575 3687 1969 3762 discedente,
2013 3686 2370 3751 monachus
2416 3686 2683 3772 quidam
2733 3686 2943 3751 Isakii
2966 3657 3157 3774 Ῑῗεὲζξ·

510 3794 720 3912 ffimoeize
741 3797 824 3910 {pe
852 3794 1168 3875 cognatus
1243 3788 1600 3853 claustrum
1671 3809 1966 3874 egressus
2031 3789 2221 3875 regni
2286 3789 2589 3854 diadema
2654 3789 2945 3876 singulos
2966 3739 3021 3840 Ξ·
3046 3760 3271 3853 Bm‘mpt.

516 3877 747 3992 &pi-¹:³⁰
757 3929 801 3977 is
850 3890 1298 3977 perturbando
1345 3889 1723 3954 invadebat.
1820 3889 2033 3969 Quem
2081 3891 2409 3956 Robertus
2455 3891 2537 3956 de
2567 3891 2947 3956 Thornham
2968 3858 3063 3906 σοι·
3092 3861 3232 3906 1203·

515 3967 758 4112 ἰῐθὲῑξῡεῖἱ
849 3993 1332 4080 apprehensum
1380 3991 1619 4056 carceri
1664 3992 2101 4078 mancipabat.
2195 3994 2326 4072 Qui
2368 3998 2593 4058 tamen
2662 3993 2745 4056 de
2806 4014 2947 4058 car-

515 4075 710 4176 nzbesst
730 4129 792 4177 de
850 4118 992 4161 cere
1067 4099 1412 4160 noctanter
1489 4093 1809 4180 effugiens
1870 4117 1913 4159 a
1976 4095 2241 4160 Statino
2302 4117 2453 4182 rege
2520 4101 2589 4162 et
2654 4095 2945 4159 Roberto

509 4191 823 4246 mmmmm·
855 4197 1100 4264 iterum
1145 4195 1649 4282 comprehensus
1693 4196 1995 4282 patibulo
2055 4219 2405 4284 suspensus
2448 4198 2723 4264 interiit.
2817 4197 2947 4261 Ro-

849 4299 1080 4364 bertus
1127 4303 1350 4362 autem
1397 4295 1479 4359 de
1529 4294 1731 4382 Cipro
1779 4319 2089 4384 egressuS,
2152 4305 2339 4364 actus
2390 4299 2694 4365 monachi
2741 4299 2945 4386 ipsius

853 4405 926 4465 et
972 4399 1258 4485 qualiter
1303 4420 1452 4463 cum
1500 4419 1577 4464 eo
1621 4400 1868 4464 fecerat
1898 4399 2183 4465 Ricardo
2214 4402 2357 4487 regi
2384 4401 2684 4480 referens,
2728 4403 2947 4487 ipsum

851 4501 928 4567 in
990 4502 1517 4588 indignationem
1581 4503 1955 4583 commovit,
2001 4525 2077 4568 eo
2124 4504 2300 4589 quod
2368 4504 2567 4590 regiae
2628 4502 2948 4590 dignitati

853 4605 1176 4690 derogans
1219 4603 1505 4689 aliquem
1552 4604 1667 4690 qui
1711 4627 1781 4670 se
1826 4611 2179 4670 vocaverat
2221 4628 2443 4692 regem
2488 4606 2946 4693 suspendebat.

849 4704 1060 4773 Sexto
1132 4711 1355 4772 autem
1431 4705 1537 4771 die
1605 4705 1652 4771 J
1656 4707 1815 4786 unii,
1882 4707 2201 4774 Ricardus
2261 4730 2381 4774 rex
2455 4707 2633 4795 apud
2698 4708 2943 4774 Aetam
