3519 5734
1177 832 1544 883 Pmmsrus
1590 828 1807 881 Anus
1851 830 2223 881 ssounnus.
2618 814 2741 879 191

585 994 588 1000 ’
652 1000 726 1065 in
770 1004 1221 1088 contemptum
1265 1003 1734 1090 archiepiscopi
1777 1002 1968 1081 facta,
1998 1002 2167 1067 nihil
2210 1000 2335 1069 sub
2369 1003 2748 1089 juramento
2776 1004 2913 1059 A-D-
2942 1012 3061 1064 116¹

652 1103 870 1171 fuerat
913 1108 1383 1191 expressatum,
1429 1105 1561 1171 nisi
1626 1105 1805 1192 quod
1870 1106 2185 1193 pessimas
2244 1103 2750 1171 consuetudines
2780 1079 2835 1123 “¹
2848 1076 2957 1125 ¹⁷⁰·

655 1226 805 1291 quae
878 1208 1080 1273 avitae
1141 1212 1481 1287 vocantur,
1543 1230 1662 1295 pro
1727 1207 1969 1293 quibus
2030 1208 2171 1294 ipse
2232 1207 2749 1295 archiepiscopus

657 1308 1152 1377 Cantuariensis
1217 1311 1310 1377 sic
1385 1311 1663 1398 injurias
1738 1310 2129 1389 sustinebat,
2206 1310 2386 1377 omni
2459 1316 2751 1399 tempore

655 1419 1082 1482 conservaret.
1178 1412 1636 1480 coronationis
1663 1434 1824 1479 vero
1867 1413 2074 1500 ipsius
2103 1418 2402 1481 auctores
2446 1414 2752 1481 dominus
2780 1420 2891 1471 The
2912 1436 3039 1485 pope

656 1534 830 1600 papa
892 1514 1055 1581 alios
1121 1516 1468 1603 suspendit
1542 1520 1746 1603 atque
1818 1515 1983 1583 alios
2056 1515 2750 1583 excommunicationis
2776 1502 3076 1605 ξῗζζζεᾞθ

659 1616 924 1683 vinculo
975 1617 1342 1685 innodavit.
1434 1618 1528 1685 Et
1588 1640 1756 1699 cum,
1802 1623 1882 1684 ut
1950 1618 2344 1705 praedictum
2413 1623 2529 1698 est,
2574 1618 2751 1705 apud
2778 1620 2983 1671 authors
3005 1622 3065 1671 of

660 1716 974 1787 Sanctam
1022 1719 1414 1786 Columbam
1475 1720 2001 1808 archiepiscopus
2044 1720 2526 1808 receptaculum
2570 1742 2755 1787 exer·
2778 1688 3029 1805 ffissssm

658 1826 848 1899 ceret,
901 1822 1028 1911 [et]
1072 1844 1192 1889 rex
1236 1823 1558 1911 *Angliae'
1607 1826 1670 1891 ei
1712 1825 1788 1889 in
1846 1824 2030 1894 nullo
2088 1829 2309 1911 posset
2349 1844 2579 1891 nocere
2622 1823 2753 1890 nisi

657 1946 778 1989 rex
824 1922 1060 1991 Galliae
1101 1926 1549 2006 consensisset,
1596 1928 1968 1994 transmisit
2010 1926 2223 1993 filium
2256 1948 2479 2017 usuum
2540 1947 2753 2013 nuper

657 2032 1039 2094 coronatum
1082 2028 1156 2093 in
1203 2028 1507 2110 Galliam,
1549 2034 1629 2097 ut
1671 2030 1812 2097 filio
1862 2030 2035 2117 regis
2080 2029 2483 2099 Francorum
2526 2030 2755 2096 homa·

658 2129 842 2217 giutn
903 2131 1145 2197 faceret
1207 2136 1278 2197 et
1340 2132 1730 2199 fidelitatem
1798 2132 2167 2219 sponderet,
2226 2132 2284 2197 si
2344 2137 2570 2197 tamen
2630 2132 2755 2197 hoc

659 2232 855 2298 modo
917 2256 1138 2320 regem
1204 2233 1504 2301 Franciae
1572 2234 1656 2299 de
1718 2234 2205 2323 archiepiscopo
2268 2234 2754 2301 manutenendo

659 2340 878 2421 posset
921 2329 1409 2402 circumvenire.
1501 2336 1642 2403 Nec
1705 2336 1799 2403 sic
1862 2337 2126 2423 quidem
2188 2359 2307 2402 rex
2350 2337 2755 2427 propositum
2786 2342 2901 2395 'l'he
2922 2344 3049 2412 king

661 2436 928 2517 habens,
976 2462 1126 2505 cum
1196 2439 1584 2505 Fredericus
1646 2440 2005 2526 imperator
2068 2439 2518 2505 schismaticos
2584 2439 2756 2505 anti-
2785 2420 3023 2530 ῗξξξζᾞ

661 2562 880 2627 papas,
925 2546 1006 2608 ut
1047 2541 1416 2629 praefertur,
1465 2547 1694 2609 contra
1737 2541 2195 2607 Alexandrum
2243 2542 2283 2605 3
2329 2562 2567 2629 papam
2620 2563 2759 2607 sus-
2786 2560 2951 2609 popm,

661 2646 973 2725 tentaret,
1033 2644 1244 2711 eidem
1307 2645 1684 2732 imperatori
1747 2644 2073 2711 scribebat
2140 2644 2333 2729 quod,
2398 2644 2457 2712 si
2520 2665 2757 2710 nomen

665 2751 734 2812 et
780 2745 1222 2813 obedientiam
1289 2747 1660 2813 Alexandri
1720 2769 1909 2835 papae
1975 2747 2329 2834 abjuraret,
2372 2743 2757 2835 participem

667 2871 736 2916 se
781 2848 1150 2918 schismatis
1204 2848 1492 2931 haberet,
1540 2873 1689 2918 cum
1751 2848 2253 2937 archiepiscopis
2313 2854 2383 2916 et
2444 2850 2759 2938 episcopis

669 2952 820 3019 suis.
911 2952 959 3018 J
960 2953 1311 3020 urentibus
1357 2954 1622 3042 quidem
1666 2953 1791 3020 hoc
1849 2952 2247 3040 imperatore
2291 2975 2439 3018 cum
2484 2954 2761 3042 optima-

666 3055 848 3120 tibus
893 3062 963 3122 et
1005 3055 1322 3146 episcopis
1366 3056 1521 3135 suis,
1565 3055 1790 3121 nuntii
1848 3058 2020 3143 regis
2072 3077 2160 3122 ex
2220 3078 2498 3143 persona
2555 3057 2763 3144 ipsius

666 3157 742 3222 in
784 3156 1065 3223 similem
1109 3159 1386 3224 formam
1421 3159 1839 3245 juraverunt,
1918 3158 2067 3224 Rex
2097 3180 2251 3246 ergo
2298 3159 2617 3245 compulit
2646 3181 2762 3245 per

667 3259 974 3326 civitates
1017 3266 1086 3326 et
1131 3261 1416 3342 castella,
1463 3261 1548 3326 ab
1593 3260 1857 3328 homine
1898 3281 2103 3346 usque
2148 3261 2235 3325 ad
2278 3282 2554 3352 puerum
2599 3261 2767 3344 duo-

667 3361 966 3442 dennem,
1008 3385 1248 3450 papam
1291 3362 1748 3430 Alexandrum
1800 3362 2119 3450 abjurare.
2211 3363 2493 3430 Interim
2534 3369 2760 3430 tamen
2792 3375 2983 3456 pocket
3002 3391 3081 3426 re-

666 3464 1045 3531 Alexander
1073 3488 1248 3553 papa
1292 3467 1478 3532 misit
1520 3465 1682 3532 duos
1725 3465 2103 3545 cardinales,
2136 3466 2279 3555 regi
2320 3466 2745 3534 amicissimos
2783 3449 2915 3506 κω
2934 3443 3021 3493 ²¹¹²
3050 3475 3057 3480 ’

2750 3519 2765 3545 ,

667 3567 756 3632 ad
798 3589 1023 3656 pacem
1065 3569 1244 3634 inter
1285 3589 1507 3658 regem
1555 3573 1626 3636 et
1669 3567 2222 3655 archiepiscopum
2264 3569 2757 3638 reformandam.
2787 3509 3086 3628 Biotivbstlsar-

671 3670 970 3754 Quorum
1013 3671 1380 3742 suasionem
1439 3671 1580 3760 regi
1637 3670 2049 3741 amicabilem
2106 3670 2623 3764 archiepiscopus
2666 3695 2764 3738 re,
2786 3643 2964 3774 ξίγῄῗὲὶ
2973 3651 3085 3694 sent

669 3773 957 3843 cusabat.
2787 3792 2917 3856 pope·
2936 3793 2991 3828 as

2786 3845 3070 3896 medlators.

675 4061 838 4129 OAP.
888 4061 1092 4128 XIII.
1137 4062 1240 4130 De
1298 4061 1662 4132 concordia
1720 4063 1909 4130 &nter
1950 4085 2171 4152 reyem
2212 4071 2272 4132 et
2328 4064 2763 4154 archiepisco-

841 4165 1456 4358 {uqqgliggomta
1473 4191 1502 4249 ,·
1578 4173 1638 4234 et
1699 4166 1781 4234 de
1832 4166 2065 4234 ‘reditu
2122 4165 2621 4260 archiepiscopi
2677 4169 2764 4238 νίκη

763 4420 1020 4501 Quibus
1063 4419 1363 4510 peractis,
1397 4419 1684 4486 Thomas
1725 4419 2243 4508 archiepiscopus
2271 4421 2769 4492 cantuariensis
2791 4443 2984 4495 Becket
3004 4459 3095 4495 ex·

675 4523 920 4588 multos
963 4523 1046 4588 de
1090 4523 1339 4603 aulicis,
1384 4523 1632 4589 clericis
1675 4527 1746 4588 et
1786 4523 1990 4605 laicis,
2034 4525 2222 4612 regis,
2253 4530 2324 4591 et
2367 4527 2532 4592 alios
2573 4527 2768 4592 eccle-
2792 4513 3069 4628 ffiffffii·

675 4627 1087 4692 siasticarum
1129 4648 1348 4692 rerum
1391 4626 1745 4704 invasores,
1794 4625 1911 4712 qui
1953 4627 2365 4713 pravitatum
2408 4634 2478 4695 et
2521 4627 2767 4694 dissen-
2791 4651 3082 4711 opponens.

676 4729 880 4795 sionis
924 4729 1102 4796 inter
1143 4751 1362 4818 regem
1407 4733 1475 4796 et
1519 4727 2072 4816 archiepiscopum
2118 4729 2487 4797 incentores
2532 4731 2768 4797 extite-
