3519 5734
812 741 944 805 340
1331 753 1752 802 Annxmnnn
1794 753 2011 802 AnnAs
2059 753 2397 812 QUARTUS.

480 925 619 976 A.D.
649 931 774 976 ¹¹9⁹
815 925 1194 1004 conabatur,
1223 931 1302 992 ut
1345 949 1484 994 non
1525 927 1742 994 solum
1772 927 2093 1014 Angliam
2136 933 2209 993 et
2236 925 2721 993 Normanniam
2766 947 2921 991 cum

481 996 664 1045 '¹²¹⁶'
817 1029 1087 1115 reliquis
1175 1029 1372 1094 terris
1437 1029 1775 1110 retineret,
1842 1031 1961 1096 sed
2056 1031 2260 1096 etiam
2350 1034 2435 1095 ut
2502 1029 2919 1116 Andegavia,

819 1129 1286 1210 cenomannia,
1361 1131 1668 1210 Turonia,
1755 1137 1827 1198 et
1898 1131 2175 1218 reliquae
2234 1137 2437 1198 terrae
2506 1151 2673 1218 quas
2740 1130 2917 1195 idem

815 1233 1154 1300 Arthurus
1224 1233 1624 1321 possederat,
1701 1234 1791 1300 ad
1864 1257 2017 1301 eum
2105 1233 2505 1300 hereditarie
2594 1249 2917 1320 tanquam

815 1335 1044 1403 heredi
1101 1337 1406 1425 proximo
1467 1337 1917 1404 volverentur.
2028 1335 2231 1404 Unde
2304 1341 2463 1424 post
2521 1335 2681 1414 haec,
2750 1337 2917 1401 cim

815 1437 1060 1506 festum
1134 1438 1364 1506 Sancti
1431 1439 1616 1506 Petri
1689 1440 1779 1506 ad
1846 1439 2155 1521 Vincula,
2214 1439 2399 1527 apud
2464 1443 2759 1504 castrum
2832 1437 2915 1502 de

486 1579 562 1628 Im
625 1580 638 1593 ·
697 1596 754 1631 n·
818 1541 1184 1620 Mirabelle,
1213 1543 1389 1629 cepit
1431 1549 1504 1610 et
1533 1543 1775 1610 occidit
1816 1543 2173 1630 praefatum
2202 1541 2579 1608 Arthurum
2607 1545 2915 1628 nepotem
2962 1547 2989 1560 ’

483 1595 704 1726 mem
817 1665 1030 1725 suum,
1059 1649 1130 1711 et
1173 1666 1460 1712 sororem
1505 1644 1646 1732 ejus
1675 1645 2057 1712 Alienorum
2084 1645 2265 1732 apud
2294 1644 2727 1732 Brystolliam
2770 1665 2917 1730 per-

485 1729 716 1832 ῗῇζῗζξ
817 1752 1018 1832 petuo
1063 1748 1330 1812 carceri·
1368 1748 1825 1835 mancipavit3
1890 1770 2041 1834 quae
2103 1753 2175 1814 et
2218 1747 2397 1814 infra
2462 1748 2667 1813 breve
2712 1748 2917 1812 etiam

485 1857 602 1944 The
620 1859 750 1924 king
817 1848 1102 1916 obiebat.
1191 1849 1448 1916 Audita
1491 1856 1714 1916 autem
1759 1850 2142 1936 hujusmodi
2188 1856 2401 1916 morte
2445 1851 2751 1928 Arthuri,
2796 1871 2917 1914 rex

483 1925 544 1973 ⁰¹⁶
558 1925 754 1978 *¹²¹⁰oe
817 1948 1114 2017 Franciae
1177 1951 1394 2039 ipsum
1459 1952 1506 2017 J
1508 1953 1837 2018 ohannem
1900 1974 2123 2039 regem
2175 1953 2443 2040 Angliae
2511 1953 2599 2018 ad
2664 1951 2915 2018 curiam

483 2005 680 2041 Summo

479 2057 621 2107 John
643 2007 740 2109 tom
813 2073 1001 2117 suam
1065 2053 1308 2119 fecerat
1366 2056 1825 2136 summoneri3
1899 2077 2095 2142 quem
2170 2061 2251 2121 ut
2324 2055 2736 2143 proditorem
2795 2077 2917 2140 pro

481 2126 777 2243 ,agg'gssgffg‘
813 2159 1024 2220 morte
1075 2155 1336 2242 praefati
1382 2156 1666 2222 Art—,huri
1724 2157 1961 2242 punire
2022 2157 2239 2224 acrius
2284 2158 2692 2246 disponebat„
2784 2155 2918 2222 Sed

481 2259 542 2306 of
553 2259 770 2338 Anpur,
813 2255 860 2322 J
862 2257 1122 2323 ohanne
1193 2281 1348 2345 rege
1420 2259 1508 2324 ad
1581 2260 1997 2326 vocationem
2072 2259 2247 2346 regis
2324 2259 2626 2327 Franciae
2687 2261 2917 2326 venire

479 2325 778 2458 ξιξ-ἓξὲξ.
814 2365 1294 2450 contemnente,
1339 2361 1477 2448 ipse
1543 2383 1665 2427 rex
1717 2362 2015 2428 Franciae
2078 2363 2413 2429 occasione
2458 2369 2733 2428 escaetae
2798 2384 2921 2449 per

479 2459 583 2507 *Μ
603 2459 748 2538 ῼΨθῐ·
815 2469 1092 2530 mortem
1134 2463 1436 2542 Arthuri,
1480 2469 1551 2530 et
1603 2465 2064 2531 conventionis
2108 2464 2302 2531 initae
2352 2465 2533 2531 inter
2576 2467 2799 2553 ipsum
2844 2469 2918 2530 et

477 2539 756 2588 pruvmees.
811 2563 858 2630 J
861 2566 1190 2632 ohannem
1233 2587 1457 2654 regem
1519 2567 1694 2653 quod
1757 2567 2057 2633 homiues
2118 2567 2328 2654 ipsius
2390 2590 2619 2655 pacem
2678 2567 2919 2634 infrin-

811 2669 1028 2756 gentis
1072 2667 1160 2734 ab
1205 2669 1345 2756 ejus
1390 2669 1716 2735 fidelitate
1761 2669 2283 2750 absolverentur,
2312 2676 2715 2758 propterque
2758 2670 2919 2738 felo-

811 2771 994 2834 niam
1024 2769 1364 2836 homicidii
1393 2771 1600 2858 ipsius
1629 2770 1932 2849 Arthuri,
1950 2770 2019 2836 N
2021 2773 2451 2852 ormanniam‚
2472 2773 2915 2852 Britanniam,

815 2873 1206 2953 Pictaviam,
1271 2874 1749 2961 Andegaviam,
1826 2875 2361 2955 Cenomanniam,
2436 2878 2661 2943 omnia
2726 2900 2916 2965 paene

814 2999 962 3063 quae
1023 2976 1151 3064 ipsi
1214 2976 1263 3043 J
1265 2978 1554 3043 ohannes
1615 3000 1733 3043 rex
1796 2983 1867 3045 et
1918 2978 2256 3044 Arthurus
2317 2980 2390 3044 in
2452 2982 2917 3047 transmarinis

813 3080 1117 3167 partibus
1160 3080 1532 3147 habuerant
1578 3085 1821 3166 praeter
1866 3080 2276 3159 Gasconiam,
2316 3084 2681 3168 occupavit.
2772 3084 2915 3150 Nec

813 3189 964 3270 post
1006 3184 1130 3250 hoc
1173 3189 1437 3272 tempus
1505 3183 1668 3269 ipsae
1716 3188 1913 3249 terrae
1974 3184 2060 3248 ad
2104 3204 2341 3248 manus
2384 3204 2616 3271 regum
2662 3184 2913 3273 Anglo-

478 3292 590 3347 The
613 3296 788 3364 cleu-gy
813 3308 962 3351 rum
991 3288 1478 3373 pertinuerunt.
1555 3286 1701 3351 Rex
1742 3290 1969 3351 autem
2000 3284 2051 3350 J
2052 3284 2341 3351 ohannes
2384 3286 2662 3353 audiens
2692 3310 2907 3375 regem

474 3362 760 3495 ζξωῆῇἷω
815 3387 1216 3455 Francorum
1261 3394 1471 3455 terras
1515 3390 1691 3476 ipsas
1733 3387 2111 3474 hujusmodi
2153 3387 2383 3453 hostili
2416 3388 2687 3476 justitia
2724 3390 2912 3455 inva-

476 3494 606 3561 king
627 3496 786 3551 John.
813 3492 991 3571 sisse,
1037 3491 1548 3579 parliamentum
1610 3491 1977 3557 Londoniis
2020 3490 2391 3570 celebravit,
2435 3492 2701 3579 illicque
2746 3516 2911 3581 prae·

810 3592 981 3659 latos
1045 3598 1115 3659 et
1181 3594 1425 3659 elerum
1489 3595 1570 3659 de
1633 3592 1885 3658 decima
1952 3591 2399 3679 spiritualium
2458 3592 2765 3660 habenda
2822 3596 2911 3661 ad

810 3696 1156 3761 lucrandas
1217 3696 1398 3783 ipsas
1443 3702 1654 3762 terras
1717 3694 2192 3761 transmarinas
2256 3695 2648 3781 requirebat.
2738 3696 2911 3784 Ipsis

811 3805 1036 3865 tamen
1080 3798 1496 3887 postulatum
1541 3798 1891 3865 concedere
1937 3796 2332 3877 nolentibus,
2378 3820 2500 3863 rex
2545 3800 2719 3867 clero
2762 3802 2909 3866 irri-

810 3906 996 3967 tatus
1039 3924 1080 3967 a
1123 3901 1560 3970 relucratione
1604 3903 1901 3989 ipsarum
1958 3905 2291 3966 terrarum
2336 3900 2709 3969 desistebat.
2801 3903 2911 3970 Ob

471 4006 720 4061 Liberti&
811 4026 1092 4091 quarum
1151 4008 1483 4071 terrarum
1548 4002 2112 4091 recuperationem
2174 4011 2338 4083 ipse¹
2397 4025 2517 4069 rex
2585 4013 2625 4069 J
2627 4014 2901 4081 ohannes,
2931 4017 3001 4071 R.
3024 4020 3239 4085 Higden.

473 4079 693 4194 {22¹2ss
707 4079 777 4142 by
811 4108 1038 4179 primus
1071 4108 1334 4163 omnium
1368 4124 1580 4177 regum
1602 4106 1859 4177 Angliae,
1889 4106 2147 4177 quinque
2170 4105 2457 4176 portubus
2492 4106 2675 4161 maris
2698 4106 2909 4178 Angli·
2930 4086 3031 4138 ⁰⁰¹·
3056 4095 3199 4140 ²⁴²⁴·

473 4207 561 4257 the
591 4209 786 4278 Ciaque
811 4191 941 4247 cani
963 4192 1265 4247 libertates
1292 4189 1574 4262 quasdam
1599 4196 1660 4243 et
1682 4189 2155 4255 consuetudines,
2190 4189 2403 4260 quibus
2437 4190 2629 4245 adhuc
2650 4191 2909 4247 clamant

472 4274 637 4329 Porta.
811 4274 1198 4344 congaudere,
1237 4274 1514 4330 feoffavit.
1589 4272 1761 4328 Unde
1798 4278 1859 4329 et
1910 4272 2027 4343 ipsi
2068 4290 2133 4329 se
2168 4272 2234 4327 in
2272 4278 2627 4344 perpetuum
2660 4274 2907 4346 praefato

811 4358 851 4413 J
853 4358 1064 4413 ohanni
1101 4362 1163 4412 et
1206 4356 1523 4413 heredibus
1560 4356 1685 4413 suis
1722 4356 2139 4429 obligaverunt
2173 4356 2333 4429 quod
2366 4359 2498 4428 ipso
2532 4364 2795 4429 tempore
2842 4358 2907 4413 in

1500 4674 1516 4707 ι
1547 4672 1815 4740 Ant-zaga}
1832 4674 1963 4726 stom
1986 4673 2210 4741 Higden.
