3519 5734
1286 833 1484 886 aueo
1526 831 1744 886 mas
1788 833 2111 896 eumue.
2326 921 2329 924 ῃ
2604 821 2737 895 377

641 1010 932 1078 tanciam
955 1009 976 1050 ¹
1009 1007 1222 1076 omnis
1267 1007 1476 1076 debiti
1529 1009 1706 1095 quod
1749 1030 1871 1096 pro
1916 1008 2076 1097 ipsis
2119 1009 2313 1077 terris
2358 1010 2489 1078 sibi
2542 1010 2740 1080 debe·
2764 1029 2904 1086 ΑΒ.
2930 1023 3059 1088 '1210

639 1114 872 1180 bamus
934 1112 1130 1180 nobis
1189 1111 1366 1190 fecit,
1418 1110 1467 1179 J
1469 1111 1678 1178 udaeis
1739 1113 2051 1200 praefatas
2106 1117 2319 1181 terras
2375 1115 2621 1182 iterum
2663 1116 2740 1181 in
2764 1104 2949 1152 ‘'¹²²⁰-

642 1215 1098 1282 vadimonium
1121 1210 1148 1250 ²
1192 1235 1331 1281 non
1373 1213 1754 1301 recepturis.
1845 1213 1981 1280 Sed
2016 1219 2095 1282 ut
2116 1215 2145 1256 ⁸
2172 1219 2472 1284 versutia
2514 1217 2745 1286 Judae-
2768 1233 2943 1286 Bonas
2962 1243 3021 1288 to

641 1340 828 1384 orum
882 1317 1153 1384 omnino
1195 1315 1628 1393 devitaretur,
1672 1337 1791 1404 per
1842 1337 1967 1384 nos
2026 1323 2098 1384 et
2150 1319 2375 1406 ipsum
2420 1320 2743 1386 Thomam
2768 1300 2925 1354 J‘M·

641 1421 730 1488 ad
773 1418 1238 1507 chirographos
1259 1416 1287 1457 ⁴
1349 1418 1398 1483 J
1400 1418 1742 1486 udaeorum
1811 1419 2095 1502 Eboraci
2160 1420 2379 1488 fuerat
2443 1443 2747 1510 prosecu-

643 1527 809 1602 tum,
854 1526 934 1588 ut
983 1519 1382 1609 obligatoria
1423 1520 1498 1585 in
1539 1520 1739 1587 archa
1784 1519 2181 1590 Eboracensi
2223 1525 2513 1612 reposita
2552 1527 2746 1592 nobie

641 1625 1078 1691 traderentur.
1207 1623 1308 1689 At
1369 1622 1500 1710 ipei
1577 1623 2113 1711 chirographarii,
2172 1625 2437 1692 archam
2490 1627 2745 1693 domini

645 1728 846 1815 Regis
923 1727 1103 1814 apud
1193 1725 1564 1792 Eboracum
1655 1731 2166 1813 perscrutantem,
2248 1751 2373 1795 nec
2452 1729 2745 1816 aliquam

643 1830 942 1896 chartam
991 1827 1066 1894 in
1121 1826 1268 1915 ipsa
1317 1828 1718 1915 reperientes
1792 1829 1971 1895 unde
2044 1833 2224 1896 terra
2298 1833 2379 1898 de
2441 1831 2747 1918 Skyrena

645 1930 956 2020 distringi
1028 1934 1266 2018 posset,
1329 1952 1478 1996 cum
1536 1929 1700 2018 ipsis
1766 1929 2027 1998 Judaeis
2094 1938 2166 1999 et
2238 1934 2387 2000 aliis
2460 1935 2745 2001 testibus
2812 1973 2817 1976 ·

647 2033 1064 2114 Christiania,
1111 2054 1231 2098 nos
1275 2032 1534 2119 quietos
1577 2029 1850 2099 omnino
1913 2032 1999 2098 de
2056 2033 2283 2102 debito
2345 2035 2615 2104 Thomae
2659 2036 2745 2103 de

645 2137 900 2204 Ettona
942 2136 1416 2202 clamaverunt.
1550 2132 1681 2201 Pro
1747 2134 2068 2220 praedicto
2130 2141 2356 2204 autem
2422 2139 2743 2204 scrutinio

643 2239 950 2306 dedimus
1011 2237 1387 2304 vicecomiti
1449 2236 1852 2303 Eboracensi
1928 2236 2155 2303 decem
2206 2239 2427 2321 librae,
2472 2247 2744 2328 propter

641 2363 1034 2409 consensum
1059 2359 1254 2406 suum
1284 2343 1354 2404 et
1396 2338 1744 2416 auxilium,
1772 2343 1845 2404 et
1883 2339 2204 2426 praedicto
2234 2341 2505 2409 Thomae
2532 2365 2743 2410 unum

643 2441 1086 2531 palefridum.⁵
1205 2438 1430 2506 Liberi
1493 2461 1653 2506 vero
1701 2437 2001 2506 homines
2058 2439 2351 2526 ejusdem
2396 2443 2571 2509 feodi
2596 2445 2625 2484 ⁶
2668 2445 2745 2511 in
2767 2469 2989 2521 Homna.

647 2546 922 2614 Hotona
965 2549 1038 2612 et
1080 2542 1544 2629 Graunoewyk
1604 2540 1939 2608 dederunt
1987 2544 2197 2624 nobie,
2242 2567 2286 2610 a
2340 2551 2521 2612 certa
2562 2550 2743 2612 terra

645 2669 855 2734 usque
905 2645 994 2711 ad
1059 2645 1344 2712 divisam
1389 2643 1473 2709 de
1536 2640 1788 2724 Βιοΐιεθ,7
1846 2644 2071 2710 decem
2136 2645 2492 2734 perticatas
2544 2653 2742 2716 terrae

644 2749 720 2816 in
761 2747 1140 2826 latitudine,
1183 2745 1260 2810 in
1303 2766 1537 2833 campo
1581 2745 1664 2811 de
1709 2744 2002 2825 Hotona‚
2049 2769 2091 2813 a
2141 2748 2257 2814 via
2298 2748 2547 2817 scilicet
2590 2772 2741 2838 quae

647 2851 834 2919 ducit
877 2850 960 2917 de
1005 2849 1281 2915 Hotona
1333 2848 1422 2915 ad
1483 2871 1765 2930 morum,
1809 2870 2019 2937 usque
2069 2851 2157 2916 ad
2218 2849 2495 2919 ductum
2546 2876 2740 2941 aquae

648 2976 800 3043 quae
819 2952 846 2991 ⁸
889 2958 992 3021 eet
1033 2950 1250 3019 divisa
1283 2949 1462 3019 inter
1507 2950 1851 3019 Hotonam
1896 2958 1965 3019 et
2010 2952 2429 3041 Skyrenam.⁰

649 3243 772 3311 IX.
814 3242 916 3311 De
941 3238 1618 3329 Fraystynythm-pia,
1649 3238 1723 3306 N
1720 3240 2173 3329 ewbyyyque,
2210 3242 2553 3322 Staoetona,
2600 3244 2740 3313 G‘ol-
2766 3254 2803 3305 f.
2826 3258 2909 3307 44.

826 3346 1026 3424 loma,
1082 3343 1497 3424 maon-orna,
1551 3350 1612 3411 et
1649 3343 2033 3411 ‘redditibus
2052 3342 2105 3382 ¹⁰
2163 3343 2253 3413 ‘im
2300 3346 2622 3434 Lyntcma
2682 3355 2745 3417 et

829 3448 1187 3517 Uravcnna
1201 3470 1230 3527 ;
1275 3452 1338 3515 et
1380 3445 1668 3514 cessione
1709 3444 1971 3514 abbatie
2010 3446 2094 3513 H
2086 3447 2337 3534 ayonis
2382 3448 2687 3537 quintw

740 3599 1026 3680 Quidam
1071 3584 1426 3685 Gregorius
1470 3598 1554 3663 de
1607 3598 2083 3687 Flaynburghe
2144 3598 2335 3666 dedit
2399 3601 2609 3683 nobie,
2656 3603 2744 3669 ad
2766 3618 3080 3701 fflyqtyng.

647 3722 938 3767 annuam
965 3700 1328 3787 pitanciam
1355 3702 1716 3766 conventui
1759 3701 2151 3782 faciendam,
2182 3724 2479 3769 annuum
2522 3706 2743 3772 reddi·
2766 3685 2981 3751 ‘¹²⁰¹'P¹⁸·

647 3810 794 3870 tum
827 3801 942 3868 xii.
975 3802 1391 3868 denariorum
1434 3803 1519 3868 de
1547 3824 1682 3869 uno
1725 3803 1947 3869 clauso
1975 3804 2049 3870 in
2080 3804 2740 3895 Fraystyngthorpia.
2766 3766 3005 3899 {2⁸32ss
3090 3832 3115 3857 ·

715 4040 732 4073 ¹
765 4042 1118 4109 quietanciam]
1179 4041 1506 4107 quitanciam,
1561 4042 1648 4095 the
1809 4046 1831 4075 ⁰
1860 4045 2013 4097 Aster
2018 4045 2167 4111 feodi
2184 4046 2345 4099 insert
2366 4048 2503 4113 quod
2524 4055 2613 4111 eet,
2634 4050 2697 4101 P.

647 4125 794 4177 usual
815 4122 1036 4190 spelling
1056 4121 1116 4172 of
1131 4122 1256 4173 both
1276 4120 1433 4172 MSS.
1807 4125 1828 4154 ¹
1864 4124 2046 4191 Rotae]
2082 4126 2278 4186 Rome,
2298 4126 2361 4177 P.

715 4206 737 4236 ⁸
757 4204 912 4255 After
925 4200 1246 4253 vadimonium
1257 4200 1416 4253 insert
1428 4201 1580 4266 ultra,
1591 4201 1652 4254 P.
1809 4204 1830 4233 ⁸
1862 4203 1996 4270 quoe]
2022 4203 2111 4255 the
2130 4204 2345 4271 reading
2365 4206 2427 4257 of
2440 4207 2565 4258 both
2586 4206 2743 4261 MSS.

715 4284 736 4315 ³
770 4282 852 4349 at]
891 4281 1028 4347 quia,
1050 4280 1112 4333 P.
1808 4284 1830 4313 ⁹
1860 4282 1966 4333 Pro
1978 4282 2221 4350 predicto
2251 4320 2268 4337 .
2298 4319 2317 4335 .
2353 4322 2368 4336 .
2404 4322 2419 4337 .
2442 4284 2737 4355 Skyrenam]

717 4364 738 4394 ⁴
767 4359 1141 4428 chiroyraplm]
1182 4358 1527 4425 cirographos,
1564 4360 1653 4411 the
1743 4362 1872 4413 This
1894 4377 2105 4429 passage
2125 4363 2219 4414 has
2246 4366 2375 4416 been
2398 4364 2600 4418 written
2623 4383 2743 4418 over

651 4441 798 4493 usual
819 4440 1038 4507 spelling
1057 4440 1116 4489 in
1137 4438 1262 4489 both
1285 4438 1440 4491 MSS.
1741 4458 1807 4493 an
1830 4457 2031 4493 erasure
2052 4442 2107 4492 in
2129 4442 2192 4494 Ε.

716 4522 738 4553 ⁸
769 4519 872 4571 Pro
904 4558 920 4571 .
955 4558 970 4571 .
1006 4557 1019 4571 .
1046 4516 1377 4585 palefridum]
1426 4518 1655 4586 wanting
1810 4522 1847 4552 ¹⁰
1880 4520 2177 4589 redditibus]
2216 4538 2385 4574 annno
2407 4526 2627 4589 redditu,
2648 4527 2709 4579 P.

650 4599 708 4651 in
743 4598 848 4649 thia
879 4599 1036 4663 place,
1077 4600 1192 4659 and,
1223 4598 1356 4648 stom
1387 4597 1475 4649 the
1515 4600 1655 4649 word
1810 4600 1845 4632 ¹¹
1886 4600 2152 4655 Cromna
2186 4639 2200 4653 .
2236 4640 2249 4653 .
2283 4640 2299 4653 .
2333 4604 2517 4671 quina]
2556 4622 2744 4658 escam-

649 4678 878 4737 άαίίηιιιε,
895 4676 1126 4807 {pserted
1148 4684 1202 4729 at
1231 4678 1318 4730 the
1340 4679 1440 4729 end
1474 4678 1536 4731 of
1567 4679 1654 4730 the
1740 4678 1828 4731 bio
1850 4694 1945 4745 pro
1966 4681 2105 4733 dicto
2125 4682 2343 4746 redditu,
2364 4683 2422 4736 P.

653 4758 874 4823 chapter,
942 4792 958 4809 .
