3519 5734
774 825 906 888 314
1287 841 1704 892 ALEXANDRR
1746 841 1959 892 ABBAs
2003 840 2340 904 QUARTUS.

431 1017 567 1069 AD.
599 1023 722 1072 1197
772 1034 920 1097 quae
966 1011 1048 1078 de
1097 1014 1452 1081 Willielmo
1517 1017 1722 1082 fratre
1774 1037 1893 1083 suo
1936 1013 2431 1104 acceperamus¹
2482 1013 2675 1080 nobis
2718 1033 2869 1078 con-

439 1091 582 1137 ¹²¹⁰'
769 1115 1118 1196 firmavit?
1189 1117 1476 1204 plurima
1548 1120 1939 1186 aisiamenta
2012 1125 2081 1186 et
2154 1125 2371 1186 totam
2442 1116 2871 1205 piscationem

767 1218 976 1304 ipsius
1019 1242 1210 1306 aquae
1253 1221 1444 1288 nobis
1491 1223 1858 1314 concessit,⁸
1900 1229 2145 1310 praeter
2200 1227 2544 1310 capturam
2588 1220 2871 1308 piscium

765 1322 854 1386 ad
897 1323 1351 1389 molendinum
1418 1347 1612 1391 suum
1675 1324 2167 1415 pertinentem,⁴
2210 1347 2411 1413 quam
2478 1324 2606 1390 sibi
2668 1343 2871 1389 reser-

765 1425 975 1492 vavit.
1045 1427 1590 1516 Haberemusque
1634 1451 1720 1495 ex
1764 1429 1905 1515 ejus
1935 1429 2347 1496 concessione
2368 1429 2396 1465 ⁶
2438 1427 2871 1514 totiusaquae

766 1528 943 1594 illius
987 1529 1334 1596 decursum
1379 1538 1449 1598 et
1499 1553 1696 1598 usum
1739 1531 2024 1598 liberum
2068 1534 2155 1598 ad
2220 1529 2677 1597 molendinum
2718 1550 2869 1594 nos-

764 1635 945 1696 trum
974 1657 990 1713 ;
1035 1633 1394 1721 liceretque
1435 1635 1626 1702 nobis
1677 1635 1979 1702 claudere
2024 1657 2291 1702 cursum
2332 1656 2525 1722 aquae
2590 1634 2663 1697 in
2726 1631 2871 1696 loco

764 1735 883 1800 ubi
945 1736 1164 1801 fuerat
1229 1738 1685 1803 molendinum
1737 1761 1946 1820 suum,
1996 1743 2067 1806 et
2130 1743 2347 1804 totam
2390 1758 2634 1826 aquam
2700 1757 2868 1822 prae-

764 1837 930 1904 dicti
973 1838 1204 1904 fossati
1261 1841 1402 1906 sine
1447 1841 1924 1928 impedimento
1984 1841 2219 1908 ducere
2264 1841 2351 1907 ad
2412 1836 2867 1906 molendinum

763 1947 1112 2022 nostrum3
1155 1965 1278 2009 nec
1322 1944 1594 2009 bladum
1654 1945 1907 2010 ibidem
1950 1946 2341 2012 moleremus
2384 1945 2518 2009 nisi
2561 1947 2867 2010 nostrum

763 2045 1118 2132 proprium.
1203 2047 1440 2113 Postea
1483 2053 1725 2126 autem,
1775 2050 2057 2135 acceptis
2100 2071 2143 2114 a
2184 2049 2377 2114 nobis
2404 2069 2565 2114 xxx,
2612 2046 2867 2123 marcia,

765 2147 1186 2214 donationem
1251 2172 1450 2236 quam
1537 2155 1727 2239 pater
1804 2171 1963 2217 suus
2024 2151 2183 2216 fecit
2256 2151 2447 2218 nobis
2514 2150 2597 2216 de
2658 2148 2867 2235 virgis

763 2251 1226 2331 confirmavit‚⁶
1271 2258 1342 2319 et
1403 2254 1676 2342 insuper
1719 2255 1885 2320 duas
1954 2277 2135 2320 acras
2178 2259 2249 2320 et
2316 2260 2605 2341 quatuor
2664 2253 2867 2340 perti-

763 2361 942 2421 catas
985 2363 1182 2423 terrae
1227 2379 1424 2444 super
1483 2357 1663 2444 ripas
1708 2358 2013 2446 praedicti
2058 2357 2291 2424 fossati
2352 2357 2440 2423 ad
2485 2355 2865 2422 molendina

763 2463 990 2524 nostra
1033 2460 1286 2526 ibidem
1339 2461 1683 2538 firmanda,
1738 2484 1903 2548 quas
1948 2467 2139 2547 pater
2204 2481 2361 2526 suus
2428 2459 2611 2547 prius
2672 2457 2865 2524 nobis

763 2560 948 2628 dedit
1022 2568 1091 2628 et
1180 2569 1411 2650 postea
1499 2571 1871 2651 reacceptas
1946 2563 2343 2628 Willielmus
2429 2563 2635 2628 frater
2708 2582 2867 2626 suus

762 2666 1192 2732 escambiavit
1235 2689 1384 2734 cum
1443 2667 1586 2754 ipso
1633 2667 1881 2734 fossato
1949 2671 2018 2732 et
2084 2671 2231 2732 tota
2274 2666 2637 2754 piscatione
2702 2663 2863 2750 ejus,

761 2767 955 2834 nobis
1030 2770 1466 2852 concedebat3
1545 2793 1797 2856 nosque
1870 2769 1957 2836 ad
2030 2768 2485 2836 molendinum
2557 2771 2864 2836 nostrum

761 2872 893 2937 nisi
936 2877 1204 2937 tantum
1234 2873 1508 2939 bladum
1551 2885 1856 2940 nostrum
1886 2874 2227 2962 proprium
2256 2878 2334 2939 ut
2376 2874 2562 2961 prius
2592 2872 2865 2939 molere·

426 2988 668 3043 Beverla-
761 2998 926 3041 mue.
1019 2977 1173 3063 Ipse
1217 2982 1442 3043 autem
1500 2978 1706 3043 abbas
1749 2978 2147 3056 Alexander,
2194 2999 2314 3065 pro
2358 2982 2625 3043 centum
2672 2976 2861 3041 libris

426 3074 558 3109 cum.
761 3078 1040 3165 receptis
1103 3102 1239 3167 prae
1305 3080 1630 3161 manibus,
1697 3080 2009 3147 vendidit
2072 3081 2341 3147 domino
2410 3080 2703 3146 Roberto
2778 3078 2861 3143 de

429 3141 550 3259 188ῗὲ
570 3142 632 3260 ἓξ
759 3181 1144 3248 Thurnham
1187 3182 1408 3265 militi,
1453 3184 1536 3250 de
1582 3206 1712 3271 quo
1747 3184 2143 3272 praedictum
2187 3188 2307 3265 est,
2354 3188 2570 3249 totam
2614 3187 2863 3249 terram

427 3276 716 3343 Ragbrook.
760 3292 830 3351 et
892 3287 1119 3352 domos
1169 3293 1428 3353 nostras
1480 3288 1686 3374 juxta
1730 3287 2055 3375 Ragbruk
2116 3288 2190 3353 in
2242 3287 2615 3367 BeverlacO,
2662 3307 2861 3373 quam

760 3390 1159 3457 Willielmus
1219 3392 1301 3457 de
1347 3390 1518 3457 Bule
1563 3398 1634 3457 et
1678 3391 2058 3478 Stephanus
2108 3390 2313 3457 frater
2379 3389 2539 3476 ejus,
2586 3390 2668 3456 de
2712 3388 2861 3475 qui-

759 3493 882 3559 bus
945 3494 1338 3582 praedictum
1401 3500 1520 3575 est,
1587 3496 1917 3562 dederunt
1990 3492 2229 3576 nobis‚⁷
2296 3493 2650 3561 reservatis
2672 3490 2697 3527 ⁸
2773 3492 2857 3557 de

760 3598 956 3663 dictis
999 3599 1396 3665 tenementis
1441 3598 1699 3665 duobus
1757 3598 1986 3664 solidis
2028 3598 2396 3663 annuatim.
2487 3596 2668 3678 Quas
2710 3595 2857 3683 qui·
2882 3618 2919 3671 2
2944 3625 3027 3672 34.

761 3700 910 3765 dem
985 3702 1210 3767 domos
1276 3702 1454 3767 idem
1519 3700 1855 3767 Bobertus
1926 3701 2240 3788 hospitali
2314 3701 2399 3767 de
2466 3699 2861 3767 Doncastria

759 3808 991 3891 postea
1019 3804 1398 3871 conferebat
1418 3801 1470 3883 3⁹
1493 3827 1642 3892 quae
1661 3802 1714 3843 ¹⁰
1739 3809 1973 3893 postea
1998 3804 2074 3870 in
2100 3804 2571 3893 possessionem
2600 3824 2859 3871 monas·

761 4020 941 4027 ——-—

831 4157 844 4188 ¹
881 4156 1033 4208 Aster
1087 4170 1428 4224 acceperamus
1479 4154 1654 4220 insert,
1709 4155 1765 4207 in
1928 4158 1947 4187 '
1976 4154 2211 4208 dederant
2231 4152 2395 4223 nobis]
2433 4162 2717 4215 tenuerunt,-
2740 4153 2802 4206 P.

762 4236 1068 4287 escambium
1091 4252 1183 4301 pro
1203 4236 1499 4287 molendino
1533 4238 1668 4301 quod
1701 4238 1765 4287 de
1922 4240 1943 4267 ⁸
1974 4238 2128 4288 Aster
2148 4238 2410 4288 reservatis
2430 4236 2590 4287 insert
2612 4234 2775 4296 nobis,
2795 4234 2857 4285 P.

761 4325 898 4381 patre
923 4332 1018 4367 suo
1039 4317 1361 4377 habebamus,
1383 4316 1443 4366 P.
1804 4319 1811 4384 Ῑ
1922 4318 1942 4346 ’
1974 4318 2126 4367 After
2146 4316 2427 4382 conferebat
2462 4316 2639 4379 insert,
2672 4316 2763 4367 sed
2786 4322 2859 4366 ta-

829 4399 849 4427 2
879 4396 1208 4463 confimzam't]
1249 4396 1592 4457 confirmabat,
1615 4396 1679 4448 P.
1806 4415 1810 4424 ·
1855 4410 1971 4447 men
2016 4404 2229 4460 utraque
2274 4410 2392 4459 pars
2438 4394 2725 4446 indenturae
2770 4408 2859 4459 per

825 4478 845 4505 ³
879 4473 1014 4524 nobis
1034 4474 1292 4540 concessit]
1332 4474 1606 4524 interlincd
1629 4474 1684 4523 in
1701 4474 1761 4525 P.
1855 4490 2007 4538 qnam
2028 4475 2191 4525 dictas
2224 4476 2403 4525 domos
2434 4475 2598 4525 eidem
2630 4476 2857 4525 Roberto

826 4558 843 4585 ⁴
879 4552 1192 4605 molendinum
1216 4592 1229 4605 .
1264 4591 1278 4605 .
1306 4554 1647 4621 pertinentem]
1686 4554 1763 4619 ip-
1854 4554 2254 4616 vendideramus,
2276 4567 2377 4620 quo
2399 4570 2521 4605 casu
2546 4553 2739 4617 nescio,
2770 4570 2857 4618 pe-

759 4650 872 4687 sum
893 4635 1258 4697 molendinum,
1280 4635 1342 4687 P.
1768 4624 1790 4637 ’
1852 4650 1943 4685 nes
1964 4650 2057 4685 nos
2090 4632 2191 4684 hiis
2222 4634 2400 4685 diebus
2431 4634 2659 4686 noscitur
2692 4648 2857 4685 rema·-

825 4718 844 4746 ³
876 4733 936 4767 es.-
959 4718 1065 4784 ejus
1086 4715 1411 4782 concessione]
1453 4723 1637 4779 autem,
1664 4715 1725 4768 1³.
1853 4729 1989 4779 nere,
2012 4714 2075 4765 P.

824 4798 846 4827 ⁸
877 4796 1204 4863 confirmavit]
1245 4796 1588 4859 confirmabat,
1610 4796 1673 4849 P.
1919 4796 1957 4825 ¹⁰
1988 4794 2122 4860 quoe]
2160 4794 2268 4861 ipse
2290 4801 2457 4849 autem
2478 4794 2677 4859 domus,
2704 4794 2765 4846 1³.
