3519 5734
1363 834 1562 888 mm
1603 833 1822 888 Asius
1866 835 2141 888 ramus
2706 825 2795 892 87

699 987 897 1054 terris
931 988 1092 1074 jura
1140 988 1604 1070 clamantibus,
1656 992 1778 1054 aut
1822 987 2127 1056 omnibus
2162 1008 2289 1054 seu
2332 985 2528 1054 alicui
2572 1007 2797 1054 eorum

696 1089 966 1157 fuerunt
989 1088 1012 1128 ¹
1079 1091 1449 1178 persolutae,
1525 1089 1793 1182 penitus
1865 1091 2225 1180 ignoratur.
2348 1089 2498 1155 Hoc
2570 1094 2797 1156 tamen

702 1193 925 1271 scitur,
995 1193 1172 1278 quod
1233 1216 1276 1258 a
1339 1193 1495 1260 solis
1561 1193 1914 1260 heredibus
1980 1191 2285 1282 praedicti
2342 1191 2609 1272 Askilli,
2680 1213 2798 1280 pro

703 1294 816 1360 xii.
879 1294 1116 1384 marcis
1191 1300 1262 1362 et
1345 1295 1640 1375 dimidia,
1708 1295 1999 1382 quietam
2068 1293 2528 1362 clamationem
2591 1295 2800 1380 ipsius

707 1401 896 1463 terrae
945 1418 1340 1486 ceperamus,
1386 1398 1560 1464 sicut
1619 1398 1694 1464 in
1753 1403 2050 1487 tempore
2098 1397 2388 1486 Philippi
2430 1397 2693 1464 abbatis
2750 1401 2791 1462 2

693 1503 924 1586 postea
983 1499 1347 1587 referetur.⁵¹
1438 1501 1694 1582 Quibus
1762 1501 2031 1588 quidem
2054 1501 2080 1538 ³
2146 1500 2235 1570 IX.
2299 1499 2575 1579 marcis,⁴
2636 1501 2795 1566 licet
2816 1511 2871 1560 A
2986 1529 3088 1578 nge

693 1601 1040 1682 immerito,
1115 1603 1480 1690 persolutis,
1555 1602 1907 1690 grangiam
1980 1624 2183 1668 unam
2274 1602 2521 1669 ibidem
2615 1603 2791 1690 apud
2817 1583 2869 1628 ⁸¹²
2938 1581 3093 1632 διώ·

701 1704 978 1793 Saltagh
1048 1705 1410 1792 incepimus
1473 1706 1816 1774 aedificare.
1929 1705 2117 1770 Idem
2180 1726 2333 1792 ergo
2397 1701 2791 1770 Willielmus
2816 1722 3097 1776 Confirma-

695 1828 906 1872 comcs
923 1807 950 1843 ⁵
1010 1805 1326 1874 fundator
1384 1813 1608 1874 noster
1675 1808 2242 1874 confirmationem
2310 1806 2559 1874 domini
2618 1808 2791 1895 regis
2812 1791 2923 1906 {³9¹¹
2943 1791 3075 1842 stom

695 1908 1020 1996 Stephani
1074 1931 1280 1998 -super
1341 1911 1646 1977 omnibus
1709 1908 2065 1998 praemissis
2126 1931 2247 1974 nos
2311 1908 2471 1976 fecit
2534 1907 2787 1978 habere.
2816 1871 3057 1989 sffihefi.

693 2010 929 2078 Postea
972 2033 1144 2090 vero,
1188 2011 1366 2079 idem
1432 2034 1646 2078 comes
1706 2012 1895 2078 dedit
1954 2012 2145 2078 nobis
2189 2011 2389 2078 aliam
2431 2013 2676 2078 terram
2716 2013 2791 2082 in
2816 2005 2977 2107 pthe‘r
3004 2028 3127 2078 land

695 2115 919 2179 eodem
964 2115 1238 2181 marisco
1283 2116 1365 2181 de
1409 2115 1854 2203 Kayngham3
1918 2137 2115 2202 quam
2162 2103 2429 2202 quidem
2450 2112 2478 2151 ⁶
2544 2109 2869 2182 succes-'²¹¹
2892 2094 2979 2146 ὼε

2812 2161 2984 2212 marsh
3004 2162 3065 2212 of

691 2239 866 2284 sores
909 2219 1375 2285 monachorum
1416 2224 1579 2285 tunc
1623 2219 2074 2297 existentium,
2103 2218 2259 2306 quia
2285 2218 2543 2284 firmam
2591 2239 2787 2306 quam
2814 2227 3044 2306 Kaying-

695 2321 924 2387 comiti
990 2321 1363 2388 debuerunt
1429 2343 1548 2410 per
1607 2321 1873 2408 aliquot
1916 2343 2126 2388 annos
2170 2318 2565 2388 retrahendo
2587 2318 2613 2358 ⁷
2658 2343 2792 2388 non
2812 2294 3107 2426 gffiffgffi

635 2447 650 2465 ⁰
698 2422 1168 2504 reddiderant,¹¹
1229 2423 1464 2490 merito
1529 2424 1978 2514 perdiderunt.
2068 2423 2201 2491 Sed
2262 2429 2517 2512 quanta
2573 2423 2792 2490 fuerat
2812 2427 2873 2478 of
2886 2427 3047 2479 Albe-

695 2528 839 2614 ipsa
919 2531 1098 2594 terra
1163 2528 1520 2616 ignoratur.
1655 2528 1817 2594 Post
1895 2526 2080 2614 cujus
2152 2527 2409 2594 comitis
2492 2531 2791 2608 mortem,
2814 2495 2987 2548 marla.

697 2629 1091 2696 Willielmus
1153 2631 1238 2696 de
1303 2630 1620 2697 Fortibus
1682 2652 1895 2698 comes
1938 2623 2381 2708 Albemarliae',
2427 2629 2545 2718 qui
2586 2629 2794 2694 filiam

695 2731 1035 2799 Willielmi
1097 2733 1356 2800 comitis
1420 2733 1723 2822 praedicti
1789 2728 2204 2813 Hawisiam,⁹
2266 2729 2423 2818 quia
2484 2730 2793 2797 heredem

703 2837 1064 2906 masculum
1131 2858 1270 2903 non
1330 2836 1584 2917 habuit,
1658 2837 1945 2903 duxerat
2018 2835 2093 2901 in
2168 2855 2457 2915 uxorem,
2533 2833 2793 2901 duobus

699 2938 1028 3020 fratribuS,
1104 2940 1466 3009 Willielmo
1557 2940 1806 3007 scilicet
1879 2938 2067 3027 Pedy
2139 2942 2209 3003 et
2284 2936 2600 3019 Hem-ico,
2675 2938 2791 3025 qui

705 3041 979 3109 fuerunt
1021 3042 1104 3109 de
1147 3044 1460 3131 progenie
1504 3043 1669 3109 dicti
1710 3041 1976 3123 Askilli,
2024 3045 2289 3107 centum
2351 3062 2533 3107 acras
2594 3044 2791 3109 terrae

690 3144 764 3209 in
807 3145 1081 3233 praefato
1125 3147 1400 3213 marisco
1445 3146 1778 3226 concessit,
1808 3166 1928 3233 pro
1958 3148 2237 3211 centum·
2252 3144 2477 3213 solidis
2504 3145 2789 3225 annuis3

697 3246 778 3313 de
823 3249 1066 3334 quibus
1108 3270 1318 3315 xxxv.
1363 3269 1546 3314 acras
1612 3252 1681 3313 et
1748 3251 1969 3313 totum
2036 3246 2213 3333 quod
2278 3246 2447 3313 alter
2493 3247 2787 3335 ipsorum
2806 3250 2845 3303 f.
2873 3256 2935 3302 14
2952 3250 2999 3305 ὂ-

699 3350 944 3416 ibidem
987 3350 1227 3417 habuit
1293 3372 1416 3417 nos
1459 3355 1756 3416 tenemus
1799 3354 2184 3438 perpetuas3
2244 3349 2415 3415 sicut
2478 3350 2553 3414 in
2616 3353 2785 3416 tem-

695 3476 849 3541 pore
911 3453 1280 3521 Alexandri
1353 3453 1615 3519 abbatis
1681 3456 1726 3519 4
1746 3450 1799 3491 ¹⁰
1860 3451 2196 3521 referetur.
2316 3452 2557 3519 Postea
2628 3475 2787 3522 vero
2810 3466 3123 3539 Thegrange

697 3578 896 3643 quam
941 3556 1219 3622 eandem
1262 3556 1606 3644 grangiam
1651 3556 1732 3621 de
1780 3554 2097 3642 Saltaghe
2164 3554 2413 3623 ibidem
2455 3555 2786 3644 incepera-
2806 3538 3030 3655 ffigessl
3030 3606 3065 3656 <1

697 3680 857 3739 muS,
904 3657 1174 3748 propter
1232 3650 1608 3746 frequentes
1627 3656 1676 3695 ¹¹
1724 3658 2076 3724 Humbriae
2118 3657 2590 3724 inundationes
2632 3658 2791 3725 fiuc-
2809 3683 2869 3719 or
2890 3669 3037 3723 West

693 3766 933 3842 tuosas,
961 3784 1097 3828 non
1139 3762 1467 3829 modicam
1509 3760 1881 3851 portionem
1927 3765 2120 3828 terres
2147 3781 2378 3827 versus
2405 3760 2792 3848 praedictam
2812 3734 3000 3791 Saltah.

701 3866 1041 3957 grangiam
1107 3868 1581 3949 consumentes,
1658 3862 1935 3931 eandem
2007 3863 2355 3952 grangiam
2425 3861 2500 3935 in
2572 3862 2788 3929 locum

759 4182 774 4212 ¹
810 4180 1024 4231 omnibus
1056 4217 1071 4234 .
1105 4218 1120 4232 .
1155 4217 1169 4231 .
1188 4180 1428 4247 suerunt]
1465 4180 1692 4244 ipsorum
1851 4181 1872 4210 ³
1914 4177 2195 4231 willielmus
2214 4178 2391 4245 comes]
2426 4194 2593 4230 comes
2612 4178 2785 4233 Willi-

695 4260 904 4327 singulis
922 4260 1136 4323 fuerant,
1157 4259 1217 4310 P.
1784 4258 1958 4319 elmus,
1979 4258 2041 4308 P.

757 4371 780 4400 ²
809 4372 939 4420 sicut
969 4406 984 4419 .
1018 4406 1033 4419 .
1067 4406 1082 4418 .
1117 4368 1380 4434 referetur]
1434 4367 1692 4419 inter-line·
1849 4340 1870 4445 ³
1901 4336 2112 4403 quidem]
2149 4336 2369 4401 qnidam,
2390 4336 2453 4388 P·

694 4452 808 4501 „ted
827 4450 882 4499 in
902 4450 965 4500 p·
1904 4414 2212 4508 '’eva-hendo]
2251 4415 2477 4508 celando,
2497 4415 2558 4466 P.

759 4557 779 4586 ⁸
811 4554 1025 4621 quidem]
1063 4562 1248 4617 tamen,
1269 4552 1330 4605 P·
1852 4498 1872 4611 ἰ
1904 4495 2240 4645 mxx?
2248 4496 2617 4641 ΗΪΞἫ,
2636 4494 2701 4547 Ρ.

761 4671 781 4700 ⁴
813 4668 964 4720 Afler
1001 4669 1181 4719 marcis
1203 4668 1382 4721 -insert
1413 4674 1470 4719 ut
1511 4664 1690 4733 praedi-
1851 4665 1889 4695 ¹⁰
1920 4662 2074 4713 Astel-
2094 4660 2291 4737 abbgztis
2310 4667 2485 4728 postea
2503 4663 2691 4724 erased,
2702 4661 2765 4716 P.

699 4749 842 4811 citur,
863 4749 925 4801 P.
1850 4745 1883 4776 ¹¹
1903 4742 2216 4809 frequentes]
2250 4742 2555 4809 steqmm,
2572 4740 2633 4795 Ρ.
