3519 5734
329 3841 392 3896 R..
414 3844 642 3912 Higden‚

329 3911 426 3965 col.
451 3917 602 3964 2395.

1191 840 1562 889 rmmprus
1605 840 1825 890 ABBAs
1868 840 2239 891 sncuunus.
2632 822 2761 893 207

667 1012 757 1077 ad
801 1012 1336 1080 satisfaciendum
1381 1013 1648 1079 domino
1693 1036 1813 1079 suo
1855 1015 1999 1101 regi
2040 1014 2305 1100 Angliae
2352 1013 2434 1079 de
2476 1014 2764 1079 servitiis
2787 1032 2924 1086 ΑΔ).
2952 1037 3095 1087 1174.

671 1114 800 1179 sibi
845 1115 1088 1182 debitis
1133 1116 1215 1181 de
1259 1138 1464 1205 regno
1511 1116 1753 1183 Scotiae
1801 1116 1887 1181 ab
1932 1116 2225 1201 antiquo,
2292 1114 2575 1181 Interim
2621 1115 2765 1201 qui·
2789 1129 2902 1179 The
2922 1130 3050 1197 king

671 1216 822 1282 dem
884 1218 1105 1285 dictus
1149 1219 1478 1285 Henricus
1545 1240 1666 1285 rex
1709 1219 1977 1306 Angliae
2040 1224 2233 1305 pater
2274 1218 2419 1305 regi
2464 1218 2764 1283 Franciae
2790 1196 3074 1315 ἓξέἒῗὲἑ

668 1319 806 1384 suis
849 1321 1093 1387 litteris
1137 1321 1510 1409 specialiter
1551 1320 1918 1399 mandavit,
1949 1325 2027 1387 ut
2071 1320 2209 1387 suis
2236 1320 2480 1387 litteris
2508 1342 2763 1386 reman-
2788 1329 3009 1396 Hem-5⁹⁸

667 1422 824 1487 dare
867 1424 1256 1511 dignaretur
1297 1424 1569 1491 nomina
1611 1424 2022 1511 singulorum
2068 1424 2185 1510 qui
2226 1424 2514 1511 primum
2556 1424 2765 1511 ipsius
2786 1411 2994 1513 {2230ss
3012 1398 3100 1515 3⁶

664 1546 920 1612 guerrae
980 1527 1326 1615 dispendia
1383 1527 1795 1595 inchoarunt.
1887 1525 2077 1613 Rege
2136 1548 2291 1615 ergo
2357 1527 2760 1593 Francorum
2786 1532 2871 1581 the
2886 1546 3000 1608 ‚war

664 1628 1100 1695 remandante
1143 1630 1284 1717 regi
1329 1628 1594 1715 Angliae
1644 1628 1920 1694 nomina
1962 1628 2428 1695 rebellantium
2474 1630 2760 1716 origina-
2783 1607 2986 1715 ἔξω

663 1730 848 1813 lium,
917 1737 988 1798 et
1050 1734 1263 1819 primo
1307 1732 1356 1799 J
1355 1732 1683 1798 ohannem
1749 1732 1922 1819 regis
1986 1730 2218 1811 filium,
2266 1734 2338 1796 2⁰
2405 1732 2760 1798 Ricardum

663 1832 937 1900 fratrem
985 1856 1197 1915 suum,
1228 1840 1298 1901 et
1343 1838 1418 1901 3⁰
1450 1834 1819 1899 Hem-icum
1864 1832 2038 1921 regis
2082 1834 2295 1898 filium
2340 1856 2553 1921 nuper
2581 1856 2760 1901 coro-

664 1940 898 2001 natum
927 1938 1334 2018 nominante,
1365 1958 1484 2002 rex
1515 1937 1692 2001 diem
1737 1941 1807 2002 et
1850 1936 2081 2002 horam
2124 1936 2471 2002 maledixit
2514 1936 2587 2002 in
2632 1960 2764 2025 qua

661 2038 834 2104 filios
898 2040 1276 2127 hujusmodi
1333 2040 1722 2128 procreavit.
1812 2039 2137 2105 Videntes
2181 2061 2337 2127 ergo
2382 2040 2548 2106 dicti
2591 2040 2765 2129 regis
2790 2047 3012 2111 Hem-y’s

661 2143 790 2209 filii
831 2144 1008 2231 quod
1052 2144 1126 2209 in
1169 2144 1378 2233 ipsius
1421 2166 1675 2232 guerrae
1719 2141 2143 2231 expeditione
2189 2148 2332 2208 arte
2361 2144 2472 2208 vel
2497 2144 2763 2231 ingenio
2788 2114 3077 2231 ffiffiffiff

663 2248 836 2313 vires
879 2248 1090 2335 patris
1134 2248 1238 2314 sui
1281 2248 1528 2333 absque
1575 2246 1829 2312 auxilio
1872 2246 2046 2333 regis
2078 2246 2375 2311 Franciae
2405 2246 2763 2336 infringere
2787 2248 2998 2363 ffission
3023 2256 3077 2297 10

660 2372 796 2417 non
861 2350 1179 2430 valerent,
1249 2350 1623 2417 Galfridum
1689 2349 1905 2414 filium
1968 2348 2160 2435 regie,
2214 2348 2485 2414 fratrem
2548 2372 2757 2429 suum,
2826 2330 2912 2363 un.

657 2452 964 2521 comitem
1009 2454 1397 2535 Britanniae,
1429 2453 1523 2518 eis
1567 2452 1791 2516 minus
1836 2472 2042 2527 reum,
2071 2449 2253 2537 patri
2296 2451 2613 2515 nuntium
2641 2474 2763 2540 pro

661 2556 756 2623 eis
788 2557 1129 2634 miserunt,
1161 2556 1248 2622 ab
1278 2576 1354 2621 eo
1382 2554 1669 2643 gratiam
1699 2558 1771 2619 et
1799 2551 2312 2617 misericordiam
2341 2553 2765 2640 postulantes.

663 2662 812 2741 Quo
878 2658 1146 2743 quidem
1208 2662 1562 2737 annuente,
1612 2656 1753 2741 ipse
1818 2655 2113 2721 Hem-ico
2180 2676 2391 2741 nuper
2452 2664 2765 2725 coronato

661 2767 730 2826 et
773 2760 1092 2826 fiatribus
1155 2760 1290 2824 suis
1353 2758 1439 2824 ad
1508 2780 1660 2824 eum
1703 2757 2137 2823 venientibus
2180 2756 2468 2843 benigne
2512 2760 2768 2827 miseri-

661 2862 954 2928 cordiam
1000 2862 1411 2942 concedebat‚
1457 2864 1537 2927 ut
1581 2860 1709 2948 ipsi
1754 2860 1991 2928 saltem
2037 2881 2159 2948 per
2203 2866 2611 2929 sacramenta
2646 2886 2765 2930 sua

661 2971 730 3032 et
775 2965 1022 3054 scripta
1066 2987 1134 3031 se
1177 2966 1357 3053 patri
1403 2964 1776 3054 obligarent
1820 2985 2163 3052 nunquam
2209 2969 2439 3034 contra
2468 2987 2619 3034 eum
2648 2990 2766 3058 per

659 3074 906 3144 terram
950 3069 1062 3136 vel
1104 3091 1285 3134 mare
1327 3089 1556 3156 pacem
1600 3065 2119 3154 perturbaturos

663 3373 820 3440 CAP.
865 3373 1054 3441 XIX.
1101 3375 1201 3440 De
1227 3373 1685 3444 Rosamunda
1727 3372 1909 3460 regis
1954 3373 2335 3440 concubinum
2350 3399 2379 3456 ;
2426 3375 2507 3444 de
2534 3375 2761 3444 hom

832 3477 950 3564 9230
978 3477 1156 3562 πρίει
1183 3477 1424 3546 Scotioe
1441 3503 1470 3558 ;
1516 3475 1597 3542 de
1629 3482 1840 3544 ‘morte
1868 3475 2165 3543 Hemvzm:
2193 3476 2370 3562 rems
2400 3477 2717 3563 aniorie
2734 3507 2763 3562 ;

839 3569 899 3646 et
927 3579 1010 3645 de
1041 3578 1466 3646 ubertatibus
1502 3578 1917 3646 mmmtmo
1960 3584 2191 3646 nostro
2216 3599 2347 3666 per
2374 3580 2453 3646 H
2450 3581 2765 3652 eno-iem

838 3702 1058 3770 reye‘m
1091 3689 1366 3770 patrem
1409 3681 1748 3750 comessi-9.

734 3849 866 3906 Hac
901 3847 1126 3908 autem
1155 3853 1334 3926 plaga
1355 3851 1616 3906 biennali
1651 3851 1751 3907 vix
1776 3851 1996 3918 sedata,
2026 3851 2185 3924 quod
2216 3844 2447 3912 divina
2489 3847 2765 3915 clemen-
2786 3875 2922 3930 ΑᾸ),
2952 3881 3079 3932 1175

659 3944 760 4009 tia
801 3943 980 4030 apud
1025 3936 1176 4011 eum
1221 3943 1616 4030 operabatur
1659 3969 1778 4007 non
1828 3951 2043 4009 divinae
2088 3952 2453 4014 miserationi
2488 3959 2593 4014 sed
2624 3978 2763 4032 pro·
2784 3949 2969 3996 ''¹¹⁷⁹-

657 4048 788 4120 prio
823 4047 1062 4104 brachio
1095 4047 1208 4103 hoc
1244 4045 1536 4118 ascripsit.
1611 4046 1690 4102 Et
1739 4047 1842 4117 qui
1878 4046 2121 4114 dudum,
2160 4048 2522 4107 incarcerata
2554 4053 2765 4124 regina
2784 4021 3077 4156 mund

656 4153 864 4199 uxore
910 4159 1018 4196 sua
1069 4141 1350 4196 Alienora
1411 4130 1496 4195 ob
1560 4129 1955 4196 discordiam
2013 4131 2321 4212 filiorum,
2366 4143 2599 4199 adulter
2650 4145 2764 4200 fuit
2784 4173 2871 4222 the
2892 4173 3061 4238 king-9

657 4235 942 4301 occultus,
964 4234 1090 4305 jam
1113 4233 1302 4289 factus
1339 4239 1432 4288 est
1465 4233 1813 4289 manifestus
1850 4235 2047 4304 palam
2071 4241 2133 4291 et
2152 4236 2541 4308 impudenter,
2582 4237 2762 4295 Bosa·-
2786 4241 3078 4292 concubine.

657 4319 878 4376 munda
925 4318 1124 4390 puella
1169 4318 1434 4374 abutens.
1532 4317 1696 4374 Huic
1743 4335 1997 4389 namque
2048 4319 2263 4390 puellae
2316 4321 2760 4392 spectatissimae

659 4404 877 4460 fecerat
927 4420 1031 4458 rex
1083 4401 1238 4476 apud
1285 4401 1605 4458 Wodestok
1664 4402 1971 4482 mirabilis·
2010 4404 2417 4461 architecturae
2468 4425 2759 4464 cameram

659 4505 834 4559 opere
881 4485 1170 4544 daedalino
1218 4485 1718 4554 consummatam,¹
1772 4504 1845 4542 ne
1900 4487 2111 4566 forsan¹
2150 4507 2186 4544 a
2234 4491 2442 4561 regina
2491 4491 2563 4548 de
2600 4491 2761 4550 facili

1245 4749 1258 4778 ¹
1295 4748 1695 4814 consumtum]
1734 4747 2007 4812 sinuatam,
2027 4747 2091 4800 R,
2114 4748 2173 4800 C.
