3519 5734
836 837 967 901 382
1482 844 1679 895 nuso
1724 842 1939 895 ABBAs
1979 842 2302 906 Qum-ms.

502 1035 571 1085 Α.
574 1034 641 1088 D.
668 1038 798 1085 1210
834 1021 1327 1111 suspenderent,
1386 1024 1458 1087 et
1528 1026 1673 1085 tam
1730 1017 2430 1085 excommunicationis
2489 1023 2560 1083 et
2579 1016 2600 1057 ¹
2663 1038 2937 1106 suspen-

500 1106 685 1158 '¹²²⁰·
836 1127 1041 1193 sionis
1104 1124 1472 1191 sententias
1538 1144 1748 1210 usque
1791 1122 1874 1187 ad
1923 1118 2368 1209 condignam²
2413 1118 2940 1189 satisfactionem

836 1228 1315 1295 inviolabiliter
1358 1226 1649 1293 facerent
1692 1224 2044 1291 observari.
2103 1222 2198 1289 Et
2226 1224 2315 1290 ad
2341 1223 2483 1289 haec
2509 1223 2942 1312 praecipiebat

837 1338 934 1413 ut,
981 1331 1039 1397 si
1108 1330 1225 1418 qui
1287 1328 1835 1418 parochianorum
1899 1348 2170 1393 suorum
2214 1326 2288 1393 in
2331 1348 2456 1393 nos
2497 1348 2732 1393 manus
2775 1328 2944 1416 inje-

838 1434 1049 1501 cerint
1089 1432 1434 1511 violentas,
1480 1453 1607 1511 eos,
1654 1428 1946 1497 candelis
1989 1427 2294 1507 accensis,
2337 1430 2946 1496 excommunicatos

838 1537 1097 1625 publice
1138 1537 1551 1616 nuntiarent,
1598 1536 1672 1600 et
1728 1536 2054 1619 tanquam
2113 1532 2717 1599 excommunicatos
2773 1532 2948 1601 faoe-

840 1645 993 1706 rent
1034 1640 1121 1706 ab
1165 1638 1475 1705 omnibus
1540 1636 1792 1703 arctius
1858 1633 2118 1713 evitari,
2161 1634 2368 1701 donec
2425 1636 2616 1701 nobis
2659 1656 2947 1724 congrue

840 1740 1309 1820 satisfacerent,
1380 1745 1451 1807 et
1518 1762 1669 1806 cum
1730 1737 1980 1804 litteris
2047 1736 2400 1803 dioecesani
2465 1738 2768 1826 episcopi,
2845 1739 2948 1805 rei

840 1844 1194 1911 veritatem
1258 1842 1778 1919 continentibus,
1843 1839 2208 1928 apostolico
2269 1860 2340 1905 se
2403 1840 2783 1927 conspectui
2843 1862 2948 1907 re·

839 1949 1335 2035 praaeentarent.
1425 1944 1587 2011 Post
1646 1944 1866 2031 ipsum
1929 1946 2158 2009 autem
2217 1942 2664 2010 Lateranense
2729 1944 2950 2009 conci-

842 2050 1027 2129 lium,
1060 2070 1211 2115 cum
1255 2047 1451 2114 nobis
1496 2051 1564 2113 et
1611 2046 1830 2112 ordini
1873 2050 2101 2112 nostro
2143 2044 2483 2111 indultum
2527 2044 2780 2128 fuisset,
2809 2068 2950 2113 non

510 2169 768 2235 Attemms
847 2153 1152 2218 obstante
1196 2150 1377 2217 dicto
1422 2153 1698 2228 statuto,
1699 2148 1728 2187 ⁸
1770 2152 1852 2215 ut
1915 2148 1999 2214 de
2067 2147 2418 2214 novalibus
2475 2168 2626 2234 quae
2669 2150 2950 2236 propriis

508 2236 719 2369 ffnff‘
736 2236 825 2288 ‘¹²⁶
846 2253 1153 2321 manibus
1212 2259 1335 2319 aut
1378 2252 1755 2339 sumptibus
1801 2250 2210 2332 coluerimus,
2255 2251 2399 2317 sive
2450 2250 2533 2317 de
2575 2251 2834 2317 hortis*
2879 2256 2952 2319 et

513 2378 567 2420 ω
589 2320 756 2421 uffae
846 2356 1159 2446 virgultis
1248 2360 1320 2423 et
1392 2354 1872 2442 piscationibus
1937 2352 2203 2432 nostris,
2267 2358 2339 2419 et
2413 2353 2497 2420 de
2568 2358 2950 2421 nostrorum

512 2436 751 2515 aequ-:red
844 2460 1233 2529 animalium
1278 2457 1721 2534 nutrimentis
1768 2455 1992 2523 nullus
2034 2478 2077 2521 a
2117 2455 2312 2521 nobis
2357 2456 2644 2523 decimas
2686 2458 2953 2545 exigere

512 2519 747 2622 {smus
847 2570 918 2631 et
980 2568 1375 2649 extorquere
1435 2564 1885 2647 praesumeret,
1951 2558 2225 2645 quidam
2321 2557 2572 2625 iterum
2643 2580 2951 2645 perverso

512 2638 743 2757 Ῑοῖῗζξῖῗ
847 2668 1196 2734 intellectu
1222 2662 1679 2743 confutabant,
1681 2660 1709 2699 ⁶
1754 2662 2050 2729 dicentes
2095 2661 2275 2748 quod
2317 2662 2460 2729 haec
2501 2684 2638 2728 non
2681 2669 2953 2751 possent

515 2784 656 2837 1245.
847 2792 969 2836 nec
1014 2769 1331 2835 deberent
1372 2763 1660 2852 intelligi
1726 2764 1863 2831 nisi
1929 2763 2014 2829 de
2077 2763 2210 2829 hiis
2271 2784 2418 2851 quae
2478 2763 2752 2832 fuerunt
2794 2774 2954 2833 ante

688 2878 697 2886 ’
850 2873 1107 2939 dictum
1124 2871 1152 2910 ⁶
1210 2866 1513 2958 generale
1580 2866 1927 2934 concilium
1987 2864 2329 2953 acquisita,
2387 2871 2607 2954 atque,
2663 2869 2788 2936 hac
2845 2893 2951 2937 ac-

854 2981 1046 3063 cepta
1088 2972 1442 3051 occasione,
1484 2991 1798 3057 personas
1857 2969 2108 3036 ordinis
2165 2991 2363 3056 super
2417 2969 2550 3036 hiis
2601 2972 2952 3059 multiplici

517 3093 807 3158 Injunction
854 3077 1199 3145 exactione
1256 3074 1649 3162 fatigabant.
1773 3072 2208 3159 Quapropter,
2253 3071 2593 3140 Honorius
2649 3097 2824 3162 papa
2889 3078 2953 3154 3,

518 3163 775 3282 onfoffrlm
854 3178 1353 3268 archiepiscopis
1384 3173 1854 3243 Cantuariensi
1897 3179 1968 3240 et
2011 3173 2412 3240 Eboracensi
2455 3197 2533 3242 ac
2561 3197 2788 3242 eorum
2817 3178 2953 3244 suf-

515 3295 615 3346 111.
858 3281 1187 3371 fraganeis
1229 3301 1349 3368 per
1392 3278 1755 3366 apostolica
1803 3276 2053 3364 scripta
2098 3276 2461 3358 mandavit,
2491 3278 2956 3367 praecipiendO,

854 3386 1169 3473 quatinus
1212 3381 1488 3449 abbates
1530 3385 1602 3446 et
1644 3378 1882 3444 fratres
1926 3377 2176 3444 ordinis
2218 3381 2434 3445 nostri
2461 3402 2504 3445 a
2531 3383 2957 3467 praestatione

855 3488 1276 3565 decimarum,
1322 3487 1465 3550 tam
1509 3483 1593 3548 de
1635 3480 2154 3570 possessionibus
2204 3481 2451 3548 habitis
2495 3488 2656 3550 ante
2701 3485 2956 3553 dictum

856 3589 1204 3657 concilium
1248 3583 1553 3674 generale
1618 3603 1821 3670 quam
1887 3583 1969 3649 de
2012 3582 2380 3663 novalibus,
2427 3583 2570 3651 sive
2613 3591 2770 3654 ante
2815 3589 2958 3656 sive

856 3697 1007 3780 post
1052 3689 1308 3756 dictum
1358 3684 1708 3754 concilium
1753 3685 2116 3772 acquisitis,
2146 3707 2296 3772 quae
2339 3688 2622 3774 propriis
2648 3690 2959 3758 manibus

856 3799 975 3860 aut
1020 3791 1397 3880 sumptibus
1441 3786 1967 3869 excoluerimus‚⁷
2011 3809 2268 3855 necnon
2298 3790 2380 3854 de
2409 3788 2621 3858 hortis
2636 3790 2664 3831 ⁴
2709 3798 2781 3859 ct
2823 3794 2958 3860 vir-

854 3897 1078 3985 gultis,
1140 3893 1370 3983 pratiS,
1431 3889 1739 3980 pasturis,
1800 3890 2196 3971 nemoribus,
2245 3891 2656 3976 molendinis,
2726 3896 2960 3964 salinis

854 4006 927 4067 et
988 3996 1467 4087 piscationibus
1527 3993 1794 4073 nostris,
1853 3997 1925 4060 et
1985 3993 2070 4060 de
2127 3998 2506 4060 nostrorum
2567 3997 2959 4065 animalium

855 4101 1305 4181 nutrimentis,
1350 4095 1599 4186 singuli
1642 4117 1872 4162 eorum
1917 4095 2188 4162 omnino
2231 4103 2574 4165 servarent
2611 4099 2958 4182 immunes,

856 4204 1367 4274 contradictores
1410 4221 1530 4288 per
1588 4217 1934 4264 censuram
1979 4199 2480 4266 ecclesiasticam
2525 4203 2964 4290 appellatione

928 4477 1053 4544 1ατί]
1093 4491 1259 4542 quam,
1282 4475 1342 4525 P.
2025 4475 2045 4505 ⁸
2076 4475 2512 4546 confutabant<?)]
2539 4479 2960 4534 confatoinboth

932 4556 1127 4608 ’condz
1120 4553 1299 4622 ynam]
1340 4551 1565 4619 dignam,
1584 4551 1647 4604 P.
1959 4553 2114 4608 MSS.

930 4642 1131 4688 ’.ηοω
1246 4633 1456 4699 σιαωεο]
1484 4631 1711 4698 wanting
1730 4631 1788 4682 in
1809 4631 1871 4685 P.
2029 4635 2051 4666 ⁸
2079 4633 2287 4703 dietum]
2313 4635 2540 4703 wanting
2559 4637 2613 4689 in
2635 4639 2694 4689 P.

932 4716 1114 4770 ⁴Iwrti
1114 4715 1169 4783 a]
1204 4712 1329 4766 ortis
1349 4711 1407 4764 in
1426 4711 1551 4765 both
1572 4709 1725 4767 MSS.
2031 4714 2052 4784 7
2083 4713 2454 4784 ecculm-inm]
2493 4716 2754 4782 colna-int,
2773 4717 2836 4772 P.
