3519 5734
1175 881 1525 933 RICARDUS
1570 879 1788 929 ABBAS
1834 878 2184 930 SEPTIMUS.
2589 862 2714 927 431
2731 876 2736 881 ’

499 1186 507 1193 ·
626 1236 747 1302 IX.
810 1237 911 1302 De
972 1235 1205 1321 yart-bis
1224 1233 1263 1315 ¹,
1294 1234 1539 1302 domm
1568 1226 1810 1301 Sancti
1852 1233 2045 1301 Petri
2074 1231 2518 1300 Eboraccnsis
2547 1257 2575 1313 ;
2643 1230 2726 1297 de

798 1339 999 1424 qestie
1027 1338 1199 1406 abiis
1239 1337 1798 1405 memorabibibus
1825 1337 2124 1404 Ricardi
2153 1336 2412 1403 abbatis
2453 1334 2730 1422 septimi

804 1448 865 1509 et
914 1442 1057 1581 eja?
1106 1448 1319 1511 ‘morte
1335 1466 1364 1523 ;
1409 1448 1470 1509 et
1512 1440 1594 1509 de
1635 1439 2035 1528 fflvileqiis
2077 1462 2200 1507 suo
2243 1446 2532 1527 tempore
2573 1460 2731 1506 con-

805 1565 1015 1611 cosme.

718 1706 866 1787 QUO
910 1710 1224 1792 tempore,
1269 1704 1449 1793 prior
1492 1710 1561 1770 et
1604 1704 1842 1771 fratres
1889 1704 2232 1793 hospitalis
2268 1702 2498 1771 Sancti
2544 1701 2730 1768 Petri
2754 1710 3044 1764 A.D.1222

630 1808 1059 1875 Eboracensis
1121 1808 1395 1873 abbates
1462 1808 1545 1873 de
1612 1806 1962 1889 Fontibus,
2030 1809 2112 1874 de
2181 1806 2587 1886 Bellalanda,
2646 1805 2730 1869 de
2753 1785 2937 1832 '¹²³⁵’

2756 1863 2872 1915 Suit
2893 1864 3017 1915 with

630 1909 1135 1997 Kyrkestallia‚³
1164 1914 1235 1976 et
1255 1910 1454 1977 etiam
1485 1909 1797 1975 abbatem
1827 1914 2127 1976 nostrum
2157 1911 2238 1977 de
2264 1910 2488 1989 Melsa,
2513 1929 2730 1973 coram
2753 1932 2841 1983 the
2853 1932 3072 1998 hospital

619 2013 958 2101 judicibus
1002 2036 1045 2079 a
1088 2013 1357 2080 domino
1385 2035 1559 2101 papa
1587 2013 1927 2100 delegatis,
1957 2036 2155 2101 super
2183 2012 2406 2100 garbis
2436 2026 2506 2076 et
2533 2010 2731 2075 rebus

629 2118 779 2183 aliis
840 2117 915 2181 in
980 2116 1220 2205 quibus
1292 2116 1636 2182 annuatim
1700 2125 1782 2181 ut
1847 2115 2158 2181 dicebant
2223 2116 2351 2202 ipsi
2417 2113 2733 2201 hospitali

628 2218 1044 2297 tenebantur,
1092 2224 1446 2285 traxerunt
1490 2218 1562 2282 in
1608 2240 1885 2283 causam.
2009 2218 2210 2283 Unde
2257 2217 2421 2283 dicti
2465 2216 2738 2282 abbates

631 2319 866 2400 citati,⁴
910 2321 1207 2408 legitime
1252 2320 1703 2385 deliberatorii
1748 2318 2043 2385 obtentis
2085 2318 2388 2396 induciis,
2423 2319 2736 2404 quasdam

632 2423 1050 2511 exceptiones
1091 2421 1552 2510 proponebant
1569 2419 1597 2455 ⁶
1641 2443 1859 2487 coram
1889 2422 2022 2501 eis;
2069 2442 2262 2507 super
2290 2421 2532 2507 quibus
2575 2421 2741 2486 dicti

623 2526 881 2612 judices
955 2524 1342 2591 dubitantes
1417 2523 1733 2589 dixerunt
1814 2524 2028 2588 sedem
2107 2523 2532 2611 apostolicam
2601 2522 2741 2589 fore

634 2625 1115 2693 consulendam.
1186 2624 1331 2692 Sed·
1360 2646 1516 2711 pars
1545 2626 1789 2705 eadem,
1822 2647 1959 2690 non
2005 2630 2382 2712 exspectato
2411 2647 2737 2712 responso,

637 2728 953 2815 quasdam
1000 2730 1084 2794 ad
1130 2727 1390 2794 eosdem
1425 2727 1681 2814 judices
1727 2728 2024 2793 obtinuit
2067 2728 2329 2793 litteras
2351 2726 2396 2810 3⁶
2441 2734 2536 2808 ut,
2583 2728 2742 2814 quia

636 2831 709 2896 in
753 2852 955 2918 regno
1000 2830 1263 2918 Angliae
1320 2835 1483 2896 tunc
1549 2833 1692 2896 erat
1753 2830 2068 2908 turbati0‚
2113 2830 2319 2897 donec
2383 2830 2743 2897 reformata

635 2956 769 3021 pax
812 2941 984 3000 esset
1026 2933 1297 3020 negotio
1342 2933 1784 3020 supersedere
1807 2933 2160 3016 deberent3
2204 2935 2262 3000 si
2312 2957 2469 3000 vero
2513 2941 2744 3022 postea

2758 2000 2818 2049 of
2827 1998 2901 2049 St.
2921 2000 3072 2050 Peter

2759 2067 2821 2118 of
2838 2066 2991 2117 York.

636 3037 885 3103 vellent
942 3031 1205 3125 litigare
1248 3042 1489 3123 partes,
1534 3035 1620 3102 ad
1688 3037 2024 3102 ecclesiam
2089 3030 2463 3103 Romanam
2527 3033 2773 3104 trans-'

636 3141 1003 3222 mitterent,
1049 3145 1130 3205 ut
1173 3138 1555 3226 hujusmodi
1600 3139 1877 3225 quaestio
1937 3141 2282 3206 concordia
2324 3141 2433 3205 vel
2488 3139 2742 3226 judicio

637 3244 977 3331 sopiretur.
1070 3241 1240 3310 Cum
1283 3264 1442 3308 vero
1484 3241 1792 3328 praedicti
1834 3241 2016 3329 prior
2060 3247 2126 3308 et
2186 3241 2423 3308 fratres
2481 3243 2744 3309 dilatio-

638 3368 791 3412 nem
836 3346 1105 3412 omnino
1170 3343 1602 3426 recusarent‚⁷
1646 3343 1917 3411 domino
1981 3366 2171 3432 papae
2191 3342 2218 3382 ⁸
2282 3345 2744 3432 supplicarunt

640 3453 717 3513 ut
761 3448 1137 3514 transmitti
1180 3447 1268 3513 ad
1311 3469 1380 3513 se
1446 3447 1840 3535 praedictum
1908 3448 2252 3534 negotium
2295 3448 2740 3516 mandaretur.

644 3548 1078 3637 Quapropter,
1126 3549 1434 3616 dominus
1499 3572 1674 3637 papa
1738 3549 2071 3636 prioribus
2115 3549 2199 3616 de
2245 3549 2617 3637 Kyrkham,
2662 3553 2744 3618 de

642 3651 839 3717 Novo
909 3653 1132 3742 Burgo
1199 3655 1269 3716 et
1338 3650 1569 3717 Sancti
1634 3649 1923 3717 Anda-ese
1987 3651 2437 3735 Eboracensis,
2481 3655 2743 3720 litteras

641 3753 885 3820 iterum
932 3752 1315 3833 destinavit,
1362 3753 1676 3838 quatinus
1728 3758 2079 3840 utramque
2124 3761 2380 3840 partem
2425 3758 2512 3822 ad
2556 3779 2742 3823 suam

642 3858 927 3924 citarent
969 3856 1407 3945 praesentiam,
1454 3855 1974 3942 peremptorium
2035 3857 2132 3921 eis
2174 3857 2536 3922 terminum
2577 3882 2745 3947 prae-

642 3959 937 4048 figentes,
983 3979 1113 4045 quo
1156 3979 1307 4024 cum
1352 3957 1725 4023 rationibus
1767 3956 1904 4023 suis
1962 3965 2080 4045 p'er
2139 3979 2210 4024 se
2271 3958 2382 4025 vel
2440 3982 2746 4047 procura-

714 4252 729 4282 ¹
764 4251 919 4302 After
936 4249 1107 4317 yur-bie
1126 4250 1285 4301 insert
1302 4256 1356 4301 et
1375 4250 1550 4314 travia,
1572 4250 1632 4301 Ρ.
1810 4251 1831 4281 ⁸
1855 4249 2007 4302 Aster-
2027 4249 2218 4303 litteras
2237 4252 2400 4304 insert
2419 4255 2746 4320 continentes,

709 4331 729 4362 ²
762 4329 889 4382 etde
924 4369 937 4382 .
974 4368 987 4383 .
1021 4330 1287 4397 οοησωείε]
1328 4329 1554 4396 wanting
1592 4331 1649 4381 in
1739 4330 1802 4381 Ρ.

646 4410 707 4462 Ρ,
1809 4413 1830 4438 ’
1861 4408 2137 4460 dilationem
2173 4448 2186 4462 .
2222 4448 2236 4462 .
2271 4413 2579 4480 recusarent]
2629 4431 2745 4466 cau-

714 4487 1112 4558 ‘Kyrkmalliq
1132 4489 1465 4557 Kyrkestede,
1478 4490 1541 4541 de
1557 4489 1649 4541 Jo-
1742 4490 2029 4551 camillam,
2051 4505 2165 4554 quae
2188 4497 2290 4542 tam
2313 4493 2523 4558 longam
2545 4495 2745 4546 dilatio-

648 4569 855 4630 revane,
875 4570 936 4622 P.
1740 4583 1860 4618 nem
1902 4570 2206 4621 noscebatur
2241 4571 2532 4635 nsuscepisse⁴
2576 4588 2746 4637 prose—

715 4649 736 4678 ⁴
768 4646 891 4697 dicti
920 4685 935 4700 .
972 4686 984 4700 .
1021 4687 1035 4701 .
1067 4649 1237 4716 citati]
1275 4663 1391 4716 pars
1428 4648 1650 4714 ipsorum
1743 4655 2032 4713 querentur,
2053 4648 2114 4701 P.

649 4729 885 4783 abbatum
910 4727 1084 4792 citata,
1101 4729 1163 4780 P.
1811 4729 1832 4759 ⁸
1864 4727 2016 4780 Aser
2033 4745 2184 4796 papa
2204 4729 2362 4780 inm-t
2389 4730 2661 4796 humiliter,
2681 4719 2742 4785 P.

716 4810 738 4838 ⁸
764 4807 1126 4877 proponebant]
1164 4809 1489 4874 proponebat,
1512 4809 1574 4861 P.
