3519 5734
249 1449 320 1502 B.
343 1449 569 1519 HIgden,

251 1521 404 1570 2413.

1105 839 1530 894 uuxmnmz
1572 841 1789 894 Annas
1834 841 2171 906 QUARTUS.
2564 835 2691 901 385

593 1151 752 1221 CAP.
787 1151 1045 1220 XVIII.
1091 1151 1192 1220 De
1249 1153 1746 1240 eoepuynatimw
1807 1155 2015 1222 castra
2088 1156 2169 1222 de
2244 1155 2504 1224 Chaluz
2526 1180 2555 1240 ;
2634 1166 2693 1227 et

1251 1265 1462 1324 morte
1504 1257 1684 1344 reyie
1726 1257 2037 1327 Ricardi.

678 1444 879 1510 Anno
923 1443 1151 1530 itaque
1197 1443 1470 1510 Domini
1503 1445 1694 1522 1199,
1727 1444 1979 1511 decimo
2024 1450 2094 1511 et
2136 1447 2372 1513 ultimo
2420 1447 2691 1514 Ricardi
2716 1455 3027 1509 A.D.1199.

589 1548 760 1636 regis
819 1547 1016 1634 primi
1083 1547 1166 1613 de
1242 1568 1373 1634 quo
1425 1548 1885 1635 praescriptum
1950 1556 2063 1628 est,
2126 1559 2503 1616 widomarus
2538 1561 2693 1618 vioe-
2714 1535 2931 1669 3133?

530 1680 536 1688 ·
589 1675 784 1718 comes
821 1659 1256 1716 Lemovicensis
1291 1661 1356 1715 in
1391 1659 1699 1716 Britannia
1721 1659 1971 1725 Minore,
2010 1662 2185 1716 homo
2207 1663 2369 1734 regis
2406 1653 2693 1732 Ricardi,
2716 1669 2942 1720 Richard

587 1755 825 1810 invento
859 1754 1144 1808 immenso
1179 1753 1458 1808 thesauro
1493 1753 1623 1809 auri
1674 1759 1733 1809 et
1783 1755 2014 1825 argenti
2048 1756 2113 1811 in
2148 1755 2327 1811 fundo
2365 1773 2488 1821 sun,
2528 1757 2695 1813 misit
2715 1736 2949 1856 ἓξὲξ

587 1863 865 1918 magnam
898 1847 1164 1903 thesauri
1199 1838 1408 1925 ipsius
1442 1851 1672 1920 partem
1706 1848 1952 1920 praefato
1975 1849 2109 1920 regi
2132 1848 2387 1904 Ricardo
2423 1841 2691 1908 domino
2716 1870 2777 1920 01·
2790 1870 3029 1936 Limogeg

584 1962 719 2007 suo,
796 1945 914 2005 Sed
947 1948 1050 2004 ille
1084 1950 1398 2017 recusavit,
1425 1949 1625 2007 dicens
1652 1969 1715 2006 se
1738 1955 1927 2007 totum
1950 1951 2163 2006 debere
2196 1951 2413 2008 habere
2450 1953 2523 2008 de
2552 1954 2690 2025 jure
2714 1939 2997 2057 ξὲξὸθῃθὲῑέε

584 2051 852 2125 capitalis
911 2049 1320 2107 dominationis
1383 2069 1524 2108 suae.
1624 2051 1793 2122 Quod
1850 2059 2049 2110 tamen
2099 2045 2453 2111 concedere
2512 2045 2689 2112 idem
2714 2080 2872 2123 trove.

583 2156 906 2212 vicecomes
925 2150 944 2183 ¹
992 2153 1317 2210 recusabat.
1409 2144 1830 2234 Quapropter
1875 2175 1981 2212 rex
2035 2145 2373 2230 Ricardus‚
2421 2149 2689 2217 collecto
2714 2165 2797 2216 He
2817 2168 2905 2218 be-

586 2252 894 2328 exercitu‚
930 2257 1160 2315 obsedit
1195 2259 1454 2312 castrum
1490 2257 1855 2316 vicecomitis
1894 2260 2049 2331 quod.
2086 2259 2307 2316 Ohaluz
2348 2251 2690 2322 Cheverell
2714 2234 2995 2353 ῗίἰξῗῃὲξζ

584 2362 915 2427 vocabatur,
971 2363 1180 2432 putans
1237 2357 1322 2412 ibi
1375 2358 1718 2414 thesaurum
1773 2361 1966 2415 inesse
2020 2352 2499 2422 abscondstum.
2575 2364 2690 2420 Oui
2716 2369 2870 2418 castle
2894 2370 2957 2418 of

586 2463 846 2519 ministri
880 2462 1059 2517 cast-ri
1094 2448 1362 2537 pacifice
1398 2465 1677 2515 exeuntes
1715 2459 2055 2518 obtulerunt
2090 2469 2351 2520 castrum
2388 2483 2524 2520 cum
2560 2485 2691 2523 con·
2716 2433 2993 2563 glfissgssen,

585 2556 786 2620 tentis,
827 2554 1008 2611 salvis
1047 2551 1270 2608 eisdem
1304 2551 1447 2617 vita,
1485 2553 1769 2609 membris
1806 2559 1867 2610 et
1891 2556 2089 2610 armis.
2166 2555 2389 2614 Renuit
2421 2575 2543 2624 rex,
2582 2559 2689 2614 im-

586 2666 806 2722 ponens
844 2646 966 2702 illis
1017 2651 1086 2702 ut
1133 2644 1444 2701 redeuntes
1480 2645 1736 2720 viriliter
1788 2665 1850 2702 se
1902 2645 2232 2715 defendant,
2273 2641 2537 2709 minans
2582 2665 2689 2710 eos

587 2741 918 2808 hostiliter
963 2738 1309 2826 capiendos
1357 2744 1425 2804 et
1460 2745 1674 2804 morte
1719 2739 2073 2806 durissima
2116 2745 2499 2830 puniendos.
2593 2749 2691 2813 At

585 2845 685 2912 illi
729 2845 951 2910 moesti
996 2840 1346 2909 redeuntes
1407 2841 1684 2911 malitiae
1745 2844 1920 2931 regis
1986 2847 2303 2913 resistere
2341 2851 2691 2919 contende-

584 2950 766 3015 bant.
889 2954 1041 3011 Cum
1095 2971 1236 3026 ergo
1287 2953 1382 3010 die
1439 2954 1689 3024 quadam
1738 2973 1843 3011 rex
1896 2958 2022 3029 ipse
2074 2964 2133 3013 et
2186 2960 2304 3017 dux
2353 2962 2688 3019 Brabantiae

583 3054 868 3119 inermes
911 3054 980 3114 et
1025 3048 1244 3111 minus
1289 3050 1479 3111 caute
1524 3060 1781 3111 castrum
1832 3058 2210 3117 circumirent
2254 3068 2323 3117 ut
2357 3053 2495 3138 ejus
2531 3062 2689 3120 infir-

583 3154 772 3211 miora
823 3150 1208 3224 explorarent,
1259 3146 1597 3205 balistarius
1615 3146 1638 3180 ²
1688 3150 1926 3221 quidam
1958 3150 2320 3211 Bertrandus
2360 3152 2684 3223 Gor-donus,
2713 3162 2812 3214 and
2834 3162 2881 3212 ig

583 3244 800 3305 telum⁸
833 3258 869 3304 Θ
901 3241 1115 3304 east-ro
1145 3234 1453 3321 dirigenS,
1473 3258 1678 3314 regem
1713 3242 1777 3297 in
1802 3243 2041 3300 brachio
2064 3246 2417 3305 vulneravit.
2470 3242 2688 3309 Aiunt
2714 3231 2960 3285 ”munded

583 3346 807 3407 autem
853 3338 1121 3427 quidam
1165 3336 1374 3403 telum
1435 3336 1655 3423 ipsum
1701 3342 2105 3403 venenatum
2152 3342 2468 3409 extitisse.
2560 3353 2687 3409 Rex
2709 3298 2886 3416 ἓὲιένῗ.

586 3470 746 3525 ergo,
785 3444 872 3509 ad
916 3460 1110 3507 suum
1154 3439 1519 3505 tentorium
1570 3458 1919 3527 regressus,
1972 3452 2257 3524 praecepit
2307 3458 2376 3509 ut
2426 3460 2681 3511 castrum

583 3547 817 3601 omnino
867 3548 1173 3617 caperetur
1210 3548 1270 3597 et
1309 3559 1511 3597 omnes
1567 3542 1829 3598 obsessi⁴
1880 3544 2392 3614 suspenderentur,
2448 3554 2686 3622 excepto

584 3656 690 3695 suo
749 3637 1138 3693 vulneratore.
1239 3625 1532 3693 Tantum
1597 3648 1750 3714 ergo
1814 3627 2145 3694 laboravit
2208 3634 2536 3699 exercitus
2610 3640 2687 3700 ut
2713 3644 2930 3712 Capture
2952 3662 3005 3704 ot

582 3734 872 3798 castrum
917 3728 1092 3794 infra
1135 3727 1435 3794 triduum
1479 3735 1822 3814 caperetur
1887 3736 1957 3796 et
2022 3752 2142 3797 rex
2188 3734 2268 3799 de
2314 3736 2686 3802 castellanis
2711 3713 2811 3831 ζῇ
2820 3719 2991 3836 ξζῗέξζ

582 3854 776 3901 suum
821 3830 1089 3897 libitum
1153 3831 1618 3917 exequebatur,
1665 3832 1849 3919 regio
1916 3854 2288 3921 percussore
2337 3846 2684 3907 reservato,
2712 3848 2843 3900 view
2866 3853 2927 3902 of

583 3936 676 4003 Et
719 3962 855 4001 oum
897 3954 1036 4014 rex,
1081 3946 1340 3998 extracto
1388 3941 1493 3996 teli
1545 3941 1710 4013 ligno
1766 3943 1873 3999 sed
1924 3952 2193 4002 manente
2230 3947 2407 4015 ferro,
2448 3965 2520 4003 ex
2552 3968 2684 4007 ner·
2711 3913 2943 4038 ἓξὲξ-ἓξ

581 4054 790 4096 vorum
827 4042 889 4094 et
920 4052 1204 4093 venarum
1237 4034 1520 4090 incisione
1574 4036 1608 4089 9
1657 4040 1793 4106 post
1842 4036 1952 4092 hoc
2003 4037 2099 4093 die
2151 4044 2309 4095 esset
2342 4042 2681 4109 moriturus,
2712 4050 2888 4103 archer
2904 4054 3023 4107 who

583 4122 856 4181 advocari
907 4120 1050 4177 fecit
1099 4136 1274 4177 suum
1321 4118 1773 4185 vulneratorem,
1832 4119 1917 4176 sic
1966 4122 2239 4193 inquiens
2254 4146 2270 4189 3
2315 4126 2355 4151 ‘⁶
2377 4122 2533 4193 Quid
2580 4146 2687 4183 un..
2709 4121 2957 4193 wpuuded

587 4210 627 4235 ‘⁶
665 4226 842 4281 quam
877 4206 1020 4261 mali
1056 4205 1166 4261 tibi
1201 4202 1317 4260 feci
1373 4203 1530 4274 quod
1583 4220 1677 4259 me
1727 4203 1806 4259 ad
1856 4210 2105 4262 mortem
2152 4208 2531 4266 vulnerasti.''
2604 4212 2683 4268 Et
2708 4181 2829 4238 hun.

583 4290 704 4357 ille,
749 4294 786 4319 ‘⁸
812 4290 1052 4346 Patrem
1103 4306 1300 4344 meum
1357 4294 1418 4343 et
1465 4286 1612 4344 duos
1662 4289 1875 4345 fratres
1929 4308 2090 4348 meos
2146 4290 2433 4359 occidisti,
2474 4300 2535 4351 et
2585 4314 2681 4353 me

587 4378 627 4404 ‘⁸
663 4374 838 4432 modo
898 4372 1163 4431 occidere
1222 4372 1483 4429 voluisti.
1599 4368 1803 4429 Placet
1862 4392 2007 4447 ergo
2064 4376 2213 4432 mihi
2275 4396 2683 4453 quamcunque

589 4470 628 4496 “
664 4486 894 4541 poenam
931 4464 1150 4533 subire,
1190 4464 1504 4522 dummodo
1539 4470 1607 4521 tu
1642 4466 2013 4523 occumbas.”
2087 4466 2251 4526 Tunc
2285 4490 2391 4529 rex
2449 4466 2684 4552 perdo-

650 4708 664 4737 ¹
701 4704 822 4755 idem
846 4704 1126 4771 vicecomes]
1166 4704 1310 4765 alius,
1331 4702 1395 4755 B.
1419 4702 1489 4753 Η.
1744 4704 1766 4733 ⁸
1800 4700 1964 4769 telum]
2006 4705 2120 4767 telo,
2144 4704 2207 4756 Β.
2233 4706 2302 4757 H.

646 4788 668 4817 ²
701 4782 1016 4851 balistarius]
1054 4782 1370 4843 arcubalista,
1387 4780 1451 4835 R.
1469 4780 1538 4832 H.
1745 4783 1767 4811 ⁴
1798 4780 2003 4849 obsessi]
2038 4782 2192 4849 intus,
2212 4784 2277 4838 R.
2300 4784 2369 4839 H.

2565 4624 2671 4634 —-.
