3519 5734
800 812 930 880 330
1319 825 1749 878 nsxmss
1793 823 2011 878 AnsAs
2052 822 2385 886 oum-rus

461 1009 598 1062 Λα).
627 1013 754 1064 119⁷
797 999 1153 1066 monachus
1198 1020 1314 1066 seu
1358 1020 1708 1066 conversus
1753 999 1879 1066 sub
1922 999 2325 1086 professione
2368 1003 2619 1067 nostrae
2664 999 2897 1064 domus

465 1081 608 1129 ¹²¹⁰·
797 1101 1207 1180 constrictus,
1237 1103 1378 1167 sine
1421 1123 1742 1169 consensu
1786 1108 1857 1168 et
1900 1103 2175 1168 licentia
2210 1103 2476 1169 abbatis
2522 1107 2593 1168 et
2634 1102 2899 1189 majoris

795 1206 1006 1292 partis
1073 1205 1346 1292 capituli
1405 1207 1635 1288 nostri,
1703 1227 1825 1292 pro
1893 1205 2115 1294 aliquo
2176 1205 2569 1294 fidejuberet
2634 1205 2747 1271 vel
2808 1203 2896 1270 ab

795 1309 1018 1396 aliquo
1049 1310 1386 1396 pecuniam
1425 1315 1660 1376 mutuo
1703 1309 2046 1397 acciperet,
2075 1310 2260 1376 ultra
2286 1311 2577 1398 pretium
2624 1307 2897 1396 capituli

795 1414 1006 1480 nostri
1048 1414 1469 1501 providentia
1505 1413 1965 1494 constitutum,
1994 1414 2127 1479 nisi
2170 1419 2437 1504 propter
2478 1413 2896 1479 manifestam

797 1518 1029 1584 domus
1087 1523 1334 1584 nostrae
1397 1517 1780 1583 utilitatem.
1878 1515 2071 1597 Quod
2138 1517 2196 1583 si
2263 1518 2412 1604 quis
2469 1517 2683 1584 facere
2734 1537 2897 1604 prae-

795 1623 1164 1708 sumpserit,
1197 1626 1562 1686 conventus
1605 1643 1742 1687 non
1772 1624 2084 1686 teneatur
2102 1617 2123 1656 ¹
2157 1642 2276 1709 pro
2320 1621 2453 1687 hiis
2482 1621 2897 1707 aliquatenus

457 1719 758 1838 {dm-iasion
795 1725 1203 1810 respondere.
1293 1723 1582 1788 Licitum
1647 1729 1971 1811 praeterea
2038 1724 2231 1790 nobis
2296 1724 2467 1790 foret
2489 1723 2519 1760 ⁹
2560 1724 2637 1788 in
2688 1721 2895 1789 causis

456 1802 772 1910 gfssvgmffiffi
795 1826 1093 1913 propriis,
1125 1826 1268 1892 sive
1311 1826 1576 1892 civilem
1621 1827 1763 1893 sive
1807 1826 2216 1892 criminalem
2260 1828 2648 1892 contineant
2687 1847 2894 1913 quaes·

457 1920 520 2038 ΟΞ
543 1921 628 2038 *ἐκ
651 1939 770 1977 oon-
793 1929 1060 2009 tionem‚
1127 1929 1410 1994 fratrum
1476 1933 1859 1995 nostrorum
1930 1929 2335 1996 testimoniis
2398 1930 2554 2012 uti3
2625 1951 2711 1996 ne
2776 1948 2894 2016 pro

455 2003 490 2039 v
521 2003 593 2040 η’
796 2031 1054 2098 defectu
1098 2031 1372 2098 testium
1409 2032 1524 2118 jus
1569 2039 1869 2098 nostrum
1912 2032 1988 2098 in
2029 2032 2255 2119 aliquo
2320 2033 2542 2098 valeat
2584 2033 2892 2120 deperire.

457 2131 770 2199 Exemption
796 2134 1092 2222 Insuper,
1138 2157 1222 2201 ne
1267 2135 1444 2200 ullus
1505 2135 1847 2222 episcopus
1906 2134 2017 2200 vel
2070 2135 2386 2222 quaelibet
2426 2136 2561 2202 alia
2618 2156 2895 2224 persona

457 2199 719 2331 332fss,
794 2237 882 2304 ad
927 2238 1210 2325 synodos
1256 2238 1367 2304 vel
1411 2243 1781 2304 conventus
1830 2237 2114 2305 forenses
2157 2259 2279 2305 nos
2323 2240 2437 2317 ire,
2484 2239 2593 2306 vel
2643 2238 2895 2326 judicio

793 2343 1090 2409 saeculari
1121 2343 1201 2407 de
1245 2346 1474 2408 nostra
1512 2343 1783 2429 propria
1824 2341 2201 2407 substantia
2229 2343 2340 2408 vel
2382 2342 2895 2429 possessionibus

793 2445 1039 2511 nostris
1091 2444 1443 2532 subjacere,
1495 2444 1958 2531 compelleret3
2020 2466 2144 2510 nec
2202 2445 2289 2510 ad
2350 2445 2581 2512 domos
2637 2450 2895 2511 nostras

795 2571 992 2616 causa
1056 2549 1320 2614 ordines
1383 2547 1778 2627 celebrandi,
1846 2569 2072 2614 causas
2146 2548 2503 2628 tractandi,
2563 2549 2673 2614 vel
2748 2568 2899 2613 oon-

794 2657 1036 2719 ventus
1079 2652 1340 2738 aliquos
1384 2651 1684 2739 publicos
1728 2651 2150 2731 convocandi,
2179 2652 2407 2717 venire
2451 2655 2893 2740 praesumeret.

458 2755 724 2836 Pmyinion
797 2757 906 2837 Et,
954 2756 1011 2821 si
1057 2756 1398 2844 episcopus
1441 2756 1516 2820 in
1577 2755 1765 2841 cujus
1822 2755 2132 2843 parochia
2192 2755 2426 2820 domus
2471 2760 2703 2822 nostra
2748 2755 2900 2821 fun-

455 2831 724 2942 ssegfflffitof
793 2859 954 2925 data
1005 2864 1122 2937 est,
1172 2881 1323 2924 cum
1381 2859 1767 2925 humilitate
1830 2882 1908 2925 ac
1970 2857 2325 2925 devotione
2386 2880 2519 2946 qua
2584 2858 2901 2926 convenit

455 2958 745 3078 ‘hebl’ismt’i’
793 2961 1172 3051 requisitus,
1225 2962 1538 3027 abbatem
1604 2966 1911 3027 nostrum
1973 2962 2360 3028 benedicere
2423 2968 2493 3028 et
2553 2962 2688 3027 alia
2748 2984 2897 3048 quae

455 3032 664 3143 aba?
739 3043 768 3078 e
793 3068 884 3133 ad
925 3067 1208 3134 officium
1255 3066 1620 3155 episcopale
1649 3064 1990 3152 pertinent
2018 3065 2214 3130 nobis
2242 3065 2537 3132 conferre
2578 3065 2897 3147 renuerit,

793 3172 1052 3238 licitum
1097 3174 1186 3237 sit
1234 3171 1448 3236 eidem
1491 3168 1743 3250 abbati,
1786 3169 1843 3233 si
1888 3174 2114 3235 tamen
2160 3169 2456 3235 sacerdos
2500 3168 2720 3249 fuerit,
2750 3190 2898 3259 pro-

793 3277 970 3364 prios
1013 3276 1308 3341 novicios
1336 3272 1723 3339 benedicere
1768 3277 1838 3338 et
1882 3271 2013 3337 alia
2058 3293 2205 3360 quae
2252 3272 2337 3337 ad
2384 3270 2667 3338 officium
2705 3294 2896 3339 suum

793 3381 1130 3467 pertinent
1175 3399 1491 3455 exercere,
1527 3381 1596 3441 et
1617 3374 1644 3412 ³
1690 3375 1914 3441 omnia
1956 3375 2042 3440 ab
2084 3375 2215 3441 alio
2260 3376 2562 3464 episcopo
2606 3377 2896 3463 accipere

793 3505 944 3569 quae
988 3506 1030 3548 a
1057 3488 1285 3547 nostro
1330 3480 1630 3546 indebite
1672 3478 1925 3544 fuerint
1955 3479 2317 3566 denegata:
2366 3479 2534 3545 illud
2564 3480 2897 3567 adjiciens,

792 3592 888 3665 ut,
935 3586 1010 3651 in
1069 3584 1466 3672 recipiendis
1526 3580 2041 3669 professionibus
2085 3604 2235 3677 quse
2295 3606 2337 3648 a
2380 3582 2745 3649 benedictis
2787 3582 2898 3649 vel

791 3686 1254 3755 benedicendis
1329 3686 1685 3753 abbatibus
1761 3684 2180 3765 exhibentur,
2246 3708 2325 3753 ea
2397 3688 2534 3752 sint
2608 3686 2895 3775 episcopi

792 3792 1001 3857 forma
1045 3796 1114 3857 et
1157 3790 1575 3878 expressione
1621 3788 1923 3856 contenti
1978 3812 2127 3876 quae
2174 3788 2259 3853 ab
2304 3789 2556 3878 origine
2598 3792 2897 3857 noscitur

792 3894 1108 3962 instituta
1140 3920 1158 3978 ;
1231 3900 1329 3975 ut,
1405 3892 1668 3974 scilicet,
1747 3892 2024 3959 abbates
2100 3894 2330 3972 nostri,
2405 3894 2592 3959 salvo
2666 3895 2894 3960 ordine

579 4054 590 4065 .
790 4006 1033 4079 nostro,
1064 3998 1359 4088 profiteri
1391 3998 1680 4063 debeant
1725 4001 1794 4062 et
1840 4001 2071 4062 contra
2098 4001 2358 4061 statuta
2402 3997 2653 4063 ordinis
2681 3996 2894 4063 nostri

454 4104 744 4159 Proteetion
788 4104 1041 4169 nullam
1109 4102 1579 4191 professionem
1643 4100 1855 4167 facere
1923 4100 2447 4187 compellantur:¹
2545 4101 2674 4167 Pro
2741 4123 2895 4167 con-

453 4172 767 4293 ξξὲιοξζξο,
792 4208 1266 4273 secrationibus
1329 4227 1490 4271 vero
1553 4203 1869 4270 altarium
1931 4203 2041 4267 vel
2106 4196 2543 4282 ecclesiarum,
2588 4204 2730 4270 sive
2774 4225 2894 4291 pro

453 4322 718 4360 conseera-
792 4309 933 4376 oleo
979 4314 1222 4389 sanct0,
1253 4307 1364 4373 vel
1409 4306 1706 4393 quolibet
1736 4306 2173 4372 ecclesiastico
2217 4312 2641 4385 sacramente,
2669 4306 2894 4372 nullus

452 4376 750 4504 ξίῗῗέξέοιῖ
790 4434 833 4478 a
875 4412 1068 4477 nobis
1113 4410 1237 4476 sub
1283 4410 1565 4475 obtentu
1609 4407 2111 4475 consuetudinis
2157 4408 2269 4475 vel
2312 4408 2444 4476 alio
2488 4408 2684 4476 modo
2715 4410 2896 4499 quic·

856 4620 871 4649 ¹
909 4617 1156 4683 teneatur]
1192 4622 1460 4678 teneretur,
1481 4616 1544 4667 P.
1957 4616 1976 4645 ⁴
2009 4612 2378 4683 compellantur]
2460 4616 2893 4682 compellerentur,

855 4700 876 4772 ἓ
900 4698 1061 4765 foret]
1101 4702 1246 4757 esset.
1265 4696 1327 4747 P.
1890 4694 1951 4747 P.

855 4778 875 4808 ³
907 4777 1060 4829 Aster
1080 4784 1130 4827 et
1148 4776 1307 4828 insert
1327 4773 1490 4835 nobis,
1509 4774 1572 4827 1².
