3519 5734
1236 822 1510 873 'rnoms
1553 822 1769 873 ABBAs
1813 824 2114 876 Tannus
2598 814 2727 878 263

558 1052 566 1058 .
631 992 1001 1059 Messanam
1045 993 1304 1074 fecerat,
1347 996 1665 1081 grandem
1731 1000 1986 1081 partem
2032 996 2209 1061 muri
2271 997 2573 1062 civitatis
2616 998 2727 1062 de·
2754 1004 3061 1060 A·D.11⁹1.

277 3141 434 3193 walt.
457 3145 522 3193 de

277 3207 517 3275 Heming.

275 3290 326 3338 p.
359 3281 466 3326 166.

279 3341 334 3391 J.
361 3343 586 3410 Brompt.

277 3409 374 3458 col.
405 3415 548 3463 1209.

627 1095 978 1180 primebat,
1021 1098 1200 1162 unde
1229 1098 1290 1162 ei
1320 1097 1547 1162 aditus
1576 1097 1649 1162 in
1680 1097 2025 1163 civitatem
2071 1105 2173 1163 est
2216 1103 2501 1185 apertus.
2596 1099 2727 1179 Qui

625 1195 887 1260 intrans
950 1196 1294 1261 civitatem
1357 1200 1683 1281 quotquot
1729 1195 2123 1261 Sarracenos
2176 1198 2727 1284 comprehendere

624 1301 886 1382 poterat
973 1298 1362 1363 trucidabat.
1501 1298 1784 1363 Interim
1871 1304 2096 1364 autem
2188 1299 2535 1385 Philippus
2608 1321 2726 1365 rex

625 1398 1026 1465 Francorum
1073 1400 1416 1465 civitatem
1462 1422 1547 1464 ex
1577 1400 1710 1463 alia
1738 1404 1929 1487 parte
1972 1401 2306 1487 ingressus
2352 1400 2725 1467 Sarracenis

622 1502 854 1587 gravia
913 1502 1156 1567 inferre
1221 1523 1358 1568 non
1421 1501 1803 1582 differebat;
1866 1502 2113 1567 vexilla
2186 1524 2341 1589 ergo
2402 1504 2585 1590 regia
2652 1504 2723 1568 in

623 1606 919 1670 turribus
963 1604 1258 1669 civitatis
1301 1604 1591 1669 fecerant
1637 1604 1940 1669 exaltari.
2033 1604 2246 1690 Capta
2291 1609 2515 1669 autem
2560 1607 2724 1672 urbe

627 1710 712 1771 12
759 1708 869 1774 die
913 1706 960 1772 J
963 1707 1102 1784 ulii,
1146 1707 1284 1771 dux
1326 1706 1618 1771 Austriae
1677 1710 1939 1771 secutus
1982 1728 2203 1794 regem
2252 1707 2605 1772 Ricardum
2650 1708 2723 1771 in

624 1808 982 1887 civitatem,
1025 1808 1344 1874 vexillum
1390 1830 1584 1872 suum
1647 1829 1795 1872 cum
1845 1808 2107 1873 vexillis
2149 1809 2347 1895 regiis
2392 1810 2465 1873 in
2508 1810 2721 1875 altum

624 1911 938 1998 erigebat,
984 1915 1064 1976 ut
1111 1911 1344 1976 saltem
1388 1931 1538 1975 cum
1581 1910 1848 1996 regibus
1878 1910 2200 1998 triumphi
2244 1912 2517 1997 gloriam
2565 1934 2721 1977 ven-

625 2013 890 2079 dicaret.
985 2014 1132 2093 Quo
1161 2013 1353 2089 facto,
1383 2034 1500 2077 rex
1532 2011 1857 2077 Ricardus
1887 2013 2103 2099 ipsum
2148 2013 2381 2079 ducem
2428 2015 2721 2079 Austriae
2746 2024 2912 2074 Insult

621 2115 868 2181 arctius
911 2115 1282 2202 increpavit
1342 2114 1518 2201 quod
1583 2113 1907 2179 vexillum
1974 2136 2169 2180 suum
2236 2116 2414 2181 inter
2472 2116 2723 2181 vexilla
2744 2091 3043 2210 {ffgffla

619 2218 802 2304 regia
846 2217 1092 2305 erigere
1157 2216 1696 2303 praesumpsisset.
1820 2215 1951 2281 Sed
2014 2217 2233 2282 nescio
2301 2240 2389 2282 an
2434 2240 2584 2283 casu
2632 2241 2719 2283 an
2746 2224 2829 2274 the
2850 2226 2983 2303 dthe
3000 2227 3061 2276 of

619 2320 795 2405 regis
856 2310 1125 2385 Ric'ardi
1186 2317 1561 2405 petulantia
1620 2317 1943 2382 vexillum
2009 2318 2219 2405 ipsius
2285 2319 2471 2385 ducis
2534 2342 2719 2387 coeno
2745 2291 2967 2342 Austna.

617 2420 822 2487 fuerit
851 2422 1316 2487 conculcatum.
1417 2419 1612 2484 Unde
1641 2420 1785 2483 dux
1811 2419 1925 2484 ille
1971 2423 2203 2485 contra
2229 2441 2445 2506 regem
2494 2422 2717 2487 Ricar-

620 2523 781 2587 dum
831 2528 1211 2603 commotus,
1243 2521 1552 2608 injuriam
1602 2525 1830 2585 tamen
1874 2521 1959 2586 ad
1992 2527 2252 2607 tempus
2284 2544 2454 2608 aegre
2483 2523 2713 2599 serenet,

615 2626 1031 2711 postmodum
1079 2646 1223 2689 cum
1273 2645 1422 2710 rege
1469 2622 1765 2687 Franciae
1810 2622 1897 2687 ad
1940 2623 2207 2710 propria
2253 2645 2553 2689 reversus
2598 2631 2716 2704 est,

616 2728 887 2813 gravius
931 2748 1000 2792 se
1061 2727 1135 2789 in
1179 2730 1519 2812 posterum
1565 2724 1648 2789 de
1693 2744 1845 2810 rege
1916 2724 2198 2789 Ricardo
2242 2724 2713 2792 vindicaturus.

622 2828 888 2894 Interea
933 2827 1332 2915 Barengaria
1383 2826 1628 2915 regina,
1687 2826 1861 2912 regis
1922 2826 2191 2892 Ricardi
2242 2849 2429 2909 uxor,
2485 2832 2556 2893 et
2601 2829 2647 2894 J
2650 2852 2717 2895 o-
2741 2840 3014 2906 Imprison-

612 2931 838 2996 hanna
867 2931 1068 3018 Regis
1097 2951 1293 3007 soror,
1325 2929 1501 3016 apud
1531 2928 1847 3014 Tripolim
1879 2935 2370 3007 commoranteS,
2419 2930 2716 2996 Isakium
2741 2911 3047 3043 fflggflfing

617 3033 948 3119 quondam
1003 3033 1349 3118 Ciprorum
1396 3052 1616 3118 regem
1667 3052 1817 3094 cum
1848 3030 1989 3094 filia
2028 3053 2147 3096 sua
2194 3031 2411 3098 adhuc
2456 3033 2528 3097 in
2574 3056 2714 3099 cus·
2741 3041 2802 3090 os
2816 3042 3029 3108 Cyprus.

615 3125 806 3200 todia
849 3134 1252 3200 detinebant.
1362 3132 1542 3197 Dum
1571 3132 1773 3198 etiam
1804 3132 1931 3219 ipsi
1961 3133 2092 3198 duo
2124 3156 2308 3221 reges
2339 3134 2600 3222 Angliae
2646 3140 2715 3201 et

617 3237 913 3303 Franciae
989 3237 1060 3301 in
1133 3237 1307 3300 Acra
1395 3235 1785 3320 aliquandiu
1869 3255 2117 3300 moram
2209 3237 2711 3315 contraxissent,

613 3339 818 3406 fames
864 3347 932 3406 et
977 3341 1202 3406 inedia
1246 3361 1468 3404 eorum
1503 3340 1828 3428 exercitus
1858 3339 2205 3404 cruciabat.
2299 3341 2714 3426 Quapropter

612 3445 940 3508 exercitus
1007 3443 1078 3507 in
1141 3442 1307 3506 duos
1382 3441 1827 3508 dividebatur.
1948 3441 2295 3528 Philippus
2363 3464 2517 3530 ergo
2592 3465 2711 3508 rex
2739 3463 2957 3528 Capture
2977 3468 3039 3518 of

612 3544 908 3610 Franciae
954 3567 1100 3610 cum
1147 3567 1262 3609 suo
1309 3544 1605 3609 exercitu
1665 3541 2005 3608 castellum
2053 3543 2384 3628 quoddam
2432 3539 2709 3610 Christi·
2736 3532 3004 3650 ”tffigrffisd

609 3647 754 3711 anis
785 3647 978 3711 valde
1023 3646 1348 3723 nocivum,
1395 3646 1479 3710 ab
1525 3646 1700 3710 Acra
1742 3667 1861 3730 per
1892 3667 2092 3709 unam
2138 3646 2385 3710 dietam
2435 3647 2703 3727 distans,
2734 3613 2803 3727 gy
2826 3608 2969 3731 11]ξὲΘ

611 3754 1073 3834 manucepcrat
1147 3768 1538 3834 expugnare.
1661 3747 1983 3822 Ricardus
2072 3747 2274 3812 etiam
2364 3771 2513 3814 cum
2588 3773 2706 3816 suo
2732 3729 2946 3849 {lifflss'ut

613 3851 904 3915 exercitu
950 3855 1194 3914 terram
1262 3849 1347 3912 ad
1409 3849 1695 3934 spatium
1745 3854 1787 3914 8
1835 3849 2164 3914 dictarum
2208 3850 2294 3914 ab
2340 3850 2515 3915 Acra
2559 3874 2707 3916 con·
2732 3878 2943 3918 saccea.

605 3953 924 4040 quirebat.
1017 3952 1146 4017 Sed
1192 3951 1464 4016 audiens
1511 3951 1888 4038 Philippum
1935 3952 2150 4038 ipsum
2197 3957 2483 4016 castrum
2528 3955 2710 4019 obse-

603 4055 776 4120 disse
806 4077 925 4119 nec
971 4053 1042 4118 in
1085 4053 1306 4146 aliquo
1352 4053 1702 4139 profecisse,
1735 4054 2255 4140 distantiamque
2298 4056 2704 4119 exercituum

605 4147 746 4224 tam
793 4158 1044 4244 largam
1090 4156 1464 4236 formidans,
1493 4157 1809 4221 continuo
1840 4156 1929 4220 ad
1974 4155 2353 4242 Philippum
2400 4157 2473 4219 in
2520 4157 2707 4241 adju-

605 4262 850 4327 torium
897 4258 1408 4346 expugnationis
1453 4259 1654 4322 castri
1683 4259 2045 4323 accedebat.
2110 4257 2314 4340 Cujus
2344 4259 2705 4324 adventum

606 4370 674 4429 et
741 4363 1150 4449 propositum
1216 4382 1334 4424 rex
1413 4359 1763 4446 Philippus
1837 4360 2261 4448 perpendenS,
2337 4360 2551 4426 adhuc
2624 4362 2705 4426 de

606 4465 908 4552 captione
940 4463 1141 4528 castri
1185 4484 1320 4530 non
1365 4483 1632 4527 securus
1660 4464 1899 4528 Acram
1930 4462 2151 4540 rediit,
2184 4466 2283 4541 ut,
2314 4484 2463 4526 cum
2512 4485 2703 4529 omen
2736 4535 2743 4542 ,

605 4567 864 4630 nullum
911 4567 1039 4629 sibi
1104 4565 1508 4651 conspicer-,et
1567 4565 1932 4644 imminere,
1987 4563 2291 4650 captione
2338 4565 2537 4628 castri
2589 4587 2703 4650 per

604 4689 818 4754 regem
883 4667 1236 4734 Ricardum
1301 4667 1370 4732 in
1441 4689 1560 4732 sua
1627 4666 1983 4754 praesentia
2026 4687 2160 4730 non
2208 4667 2701 4732 verecundetur.
