3519 5734
1205 851 1486 900 ‘rflouAs
1530 850 1746 899 ABBAs
1792 851 2098 900 Tannus.
2576 833 2705 904 271

605 1139 772 1204 OAP.
821 1140 1092 1206 XXIII.
1139 1140 1236 1205 De
1265 1138 1578 1226 captione
1629 1138 1932 1204 Ricardi
1962 1138 2143 1222 regis
2186 1138 2269 1204 ab
2314 1136 2715 1203 hominibus

788 1241 988 1308 ducis
1039 1241 1350 1307 Austriae
1369 1266 1398 1322 ‚·
1449 1247 1508 1307 ct
1569 1240 1651 1306 de
1711 1263 1757 1306 c.
1813 1239 2005 1305 mille
2058 1239 2259 1305 libris
2300 1239 2527 1327 pactis
2578 1260 2713 1324 pro

787 1343 1246 1430 redemptione
1293 1365 1426 1408 sua
1444 1367 1472 1422 ;
1519 1349 1578 1408 et
1629 1342 1710 1408 de
1764 1341 2079 1408 thesauro
2130 1341 2388 1408 collecto
2433 1341 2527 1408 ad
2570 1341 2715 1427 ejus
2807 1409 2815 1418 ,

783 1445 1326 1532 redemptiomm,

699 1620 1016 1686 Firmatis
1047 1622 1312 1686 demum
1341 1621 1626 1686 induciis
1661 1619 2101 1685 triennalibus
2131 1621 2203 1683 in
2234 1619 2437 1684 Terra
2466 1618 2716 1685 Sancta
2737 1629 2877 1678 A.D.
2907 1635 3054 1684 1192.

609 1705 786 1788 in⁶ter
830 1745 1050 1810 regem
1099 1724 1458 1788 Ricardum
1522 1729 1591 1788 et
1651 1722 2083 1802 Saladinum,.
2108 1722 2454 1788 Hubertus
2501 1721 2717 1787 Saris-
2736 1707 3040 1826 geffigffiffl

611 1825 939 1889 buriensis
991 1826 1332 1912 episcopus
1392 1848 1512 1912 pro
1559 1848 1628 1890 se
1675 1831 1743 1889 et
1790 1847 1910 1910 pro
1954 1846 2105 1912 rege
2151 1829 2457 1890 sanctum
2501 1823 2716 1911 sepul·
2736 1841 2868 1890 from
2891 1843 2977 1893 the

613 1949 798 1991 crum
875 1927 1054 2014 apud
1129 1927 1583 1992 lerosolimam
1659 1927 1896 2007 adivit,
1971 1927 2389 2012 hostiamque
2462 1949 2715 1992 sacram
2739 1907 3053 1974 HolyLand.

611 2029 859 2120 ibidem
903 2029 1254 2094 immolans
1300 2031 1386 2094 ad
1432 2052 1652 2114 regem
1698 2029 2060 2116 repedavit.
2152 2029 2435 2094 Interim
2488 2036 2716 2096 autem

609 2153 729 2196 rex
775 2131 1096 2196 Ricardus
1141 2132 1214 2195 in
1261 2131 1464 2196 Terra
1511 2132 1758 2196 Sancta
1820 2132 2189 2196 custodiam
2248 2154 2367 2218 per
2410 2133 2717 2198 civitates

611 2237 679 2297 et
723 2233 1022 2318 regiones
1066 2232 1480 2320 disponebat,
1527 2240 1599 2299 et
1642 2234 1727 2298 ad
1774 2233 2043 2320 propria
2102 2233 2318 2298 redire
2360 2235 2716 2321 praeelegit.

276 2349 341 2400 Β.
363 2350 588 2413 Higden,
613 2335 759 2414 Quo
804 2339 1099 2420 tempore
1167 2359 1208 2400 a
1269 2335 1602 2400 malivolis
1670 2336 1811 2422 ipse
1874 2356 1995 2400 rex
2041 2335 2366 2400 Ricardus
2410 2337 2718 2422 nequiter
2740 2343 3007 2394 Malicious

269 2417 372 2467 ⁰⁰1·
398 2422 545 2468 ²4⁰⁶·
609 2436 994 2501 diffamatus
1039 2443 1139 2501 est
1187 2445 1342 2517 quod
1377 2462 1582 2515 regem
1607 2445 1871 2498 Franciae
1908 2443 2157 2498 infidus²
2195 2446 2532 2516 appetisset,
2562 2446 2718 2517 quod
2738 2420 2941 2538 QZ}

611 2539 788 2594 etiam
826 2537 1157 2594 Conradum
1181 2537 1542 2592 Marcionem
1577 2554 1685 2607 per
1710 2535 2029 2590 conductos
2067 2537 2309 2593 sicarios
2346 2539 2710 2608 peremisset,
2740 2541 2865 2592 him.

613 2628 672 2677 et
709 2623 866 2693 quod
902 2640 1038 2676 cum
1076 2621 1352 2676 Saladino
1389 2615 1462 2674 d'e
1499 2619 1825 2692 proditione
1861 2619 2059 2673 Terrae
2098 2619 2325 2676 Sanctae
2363 2622 2715 2687 collusisset‚
2738 2619 2776 2670 f·
2801 2625 2865 2670 38
2890 2619 2935 2670 b·

614 2711 788 2776 atque
825 2705 957 2758 ideo
1013 2704 1087 2758 ad
1139 2704 1483 2775 capiendam
1534 2704 1742 2758 urbem
1800 2721 2027 2757 sacram
2078 2705 2357 2760 accedere
2410 2706 2717 2760 noluisset.

619 2831 632 2844 .
679 2829 692 2844 .
738 2829 751 2842 .
791 2788 1052 2842 Tandem
1088 2788 1300 2858 maj0ri
1335 2794 1502 2859 parte
1542 2787 1866 2842 Christiani
1904 2788 2195 2844 exercitus
2232 2791 2456 2856 morb0,
2496 2791 2715 2862 gladio,

619 2882 834 2947 inedia,
895 2882 1113 2937 laboris
1187 2882 1582 2945 intolerantia,
1647 2882 1975 2953 absumpta,
2056 2880 2407 2961 expectato
2498 2875 2721 2942 reditu

621 2974 912 3039 Huberti
964 2974 1468 3039 Sarisburiensis
1533 2974 1822 3060 episcopi
1866 2999 1908 3040 a
1954 2977 2249 3064 sepulcro
2309 2983 2556 3055 sanct0,
2601 2998 2721 3043 rex

620 3077 944 3142 Ricardus
987 3076 1074 3141 ad
1119 3077 1623 3164 repatriandum
1669 3099 1738 3141 se
1783 3099 2163 3167 praeparans
2210 3079 2484 3165 Ciprum
2535 3080 2723 3145 navi-

275 3191 486 3243 Ibidem.
613 3180 818 3266 gavit.
910 3187 1058 3241 Inde
1093 3188 1382 3259 praemisit
1417 3187 1564 3241 duas
1602 3188 1861 3259 reginas,
1893 3208 2133 3245 uxorem
2155 3189 2433 3245 videlicet
2468 3195 2529 3244 et
2564 3208 2721 3245 soro·

614 3310 742 3348 rem
787 3303 992 3357 suam,
1029 3308 1164 3345 cum
1216 3288 1376 3342 omni
1427 3305 1596 3358 paene
1636 3288 1863 3343 familia
1904 3308 2029 3355 sua,
2084 3307 2273 3360 usque
2330 3288 2618 3354 Siciliam,
2660 3298 2722 3347 et

618 3396 747 3465 ipse
783 3385 856 3447 in
889 3381 1229 3456 Romania,
1261 3402 1409 3465 quae
1456 3385 1557 3443 est
1603 3380 1728 3443 sub
1774 3380 2067 3447 dominio
2097 3381 2515 3467 imperatoris
2548 3382 2721 3449 Con-

613 3484 1213 3570 stantinopolitani‚
1247 3489 1315 3547 et
1345 3487 1572 3567 postea
1603 3482 1675 3544 in
1708 3480 2062 3549 Sclavonia
2090 3484 2479 3569 applicabat.
2549 3484 2717 3549 Tan-

615 3588 767 3653 dem
826 3595 970 3650 lenti
1017 3594 1216 3665 pelagi
1263 3592 1574 3662 impatiens
1617 3592 1801 3647 feroci
1840 3612 1986 3651 aura
2023 3595 2098 3648 ad
2133 3601 2329 3666 partes
2367 3595 2615 3649 Histriae
2656 3596 2720 3649 in
2742 3604 2877 3653 Heis
2889 3604 3056 3654 seized

615 3687 954 3760 Aquileiam
979 3693 1040 3740 et
1061 3685 1372 3741 Venetiam
1398 3701 1533 3739 cum
1558 3684 1763 3755 paucis
1789 3684 2070 3755 depulsus
2098 3692 2206 3741 est.
2282 3687 2400 3742 Ubi
2422 3688 2720 3758 aliquanto
2743 3672 2841 3747 ¹²¹¹,d
2864 3670 2959 3718 im·

615 3782 880 3844 tempore
910 3810 922 3825 .
956 3810 968 3823 .
997 3770 1252 3834 latitans,
1281 3769 1422 3823 dum
1446 3767 1562 3822 cibi
1599 3785 1704 3838 pro
1741 3768 1846 3821 illo
1881 3770 2161 3825 lautiores
2199 3772 2539 3826 emebantur
2560 3776 2720 3826 nota-
2742 3738 3059 3867 ffigssffiby

618 3873 714 3922 tus
753 3869 862 3929 Ost·
904 3868 963 3916 0¹³
999 3861 1071 3915 ab
1109 3862 1438 3915 hominibus
1476 3850 1829 3935 Lynlpoldi
1853 3861 2018 3916 ducis
2042 3862 2301 3917 Austriae
2326 3863 2721 3935 deprehensus
2745 3871 2877 3920 duke
2899 3871 2962 3919 of

618 3964 686 4025 et
717 3955 966 4023 catenis
996 3952 1221 4017 ferreis
1250 3952 1560 4037 alligatus
1592 3954 1832 4017 carceri
1862 3955 2290 4041 mancipatur.
2382 3965 2507 4034 Quo
2534 3965 2725 4021 divul-
2746 3937 2973 3987 Ausa-ia.

619 4076 776 4141 gam,
830 4056 1178 4142 Philippus
1223 4079 1326 4117 rex
1373 4062 1734 4117 Francorum
1784 4062 1823 4117 J
1826 4064 2111 4119 ohannem
2156 4056 2359 4143 ipsius
2402 4066 2565 4137 regis
2620 4066 2721 4120 Bi-

619 4169 782 4225 cardi
832 4169 1074 4222 fratrem
1111 4168 1310 4220 contra
1352 4155 1570 4239 ipsum
1619 4206 1632 4219 .
1681 4204 1694 4217 .
1743 4204 1757 4219 .
1805 4164 2129 4221 Ricardum
2179 4168 2350 4222 facile
2386 4168 2605 4241 allexit,
2652 4162 2724 4221 et

621 4260 982 4327 Henricum
1009 4262 1044 4323 5
1068 4266 1478 4337 imperatorem
1496 4250 1921 4319 Thentom'cum
1940 4274 2142 4322 contra
2162 4260 2379 4347 ipsum
2403 4269 2725 4331 Ricardum

621 4364 916 4434 captivum
980 4357 1308 4427 instigavit.
1409 4354 1578 4409 Unde
1617 4362 1677 4410 et
1730 4356 2065 4427 imperator,
2106 4368 2279 4432 pacta
2301 4361 2323 4393 ²
2382 4382 2515 4419 cum
2574 4368 2722 4424 duce

621 4446 882 4502 Austrioe
918 4444 1098 4500 tertia
1132 4446 1296 4513 parte
1350 4440 1747 4511 provenientis
1804 4443 2110 4509 commodi,
2162 4464 2367 4518 regem
2403 4448 2723 4507 Ricardum

623 4529 980 4584 dominicum
1028 4526 1218 4581 adhuc
1279 4525 1678 4579 characterem
1725 4531 2056 4595 portantem
2115 4529 2177 4583 in
2238 4550 2405 4587 suam
2462 4536 2723 4594 traducit

695 4746 708 4775 ¹
735 4744 945 4809 infidus]
972 4742 1184 4805 insidiis,
1207 4742 1271 4793 R.
1295 4741 1365 4794 H.
1663 4742 1674 4815 Ι
1782 4748 1805 4773 ¹
1817 4745 2002 4811 pacta]
2030 4752 2196 4813 pactu,
2218 4748 2334 4801 MS.
