3519 5734
1165 824 1442 875 ‘mons
1483 824 1703 875 ABBAS
1745 827 2053 877 TERTIUS.
2526 814 2658 879 253

567 1000 812 1066 mentis
854 1000 1340 1087 pontificalibus
1408 1005 1477 1064 et
1539 1000 1749 1086 regali
1793 1000 2035 1076 induti,
2078 1022 2189 1065 eas
2234 1000 2661 1065 confortando
2686 1004 2821 1057 A-D·
2852 1012 2996 1059 11⁹⁰.

565 1108 1036 1189 apparuerunt,
1081 1102 1198 1186 qui
1259 1122 1328 1167 se
1373 1103 1604 1167 missos
1627 1101 1646 1138 ¹
1697 1124 1739 1166 a
1785 1102 1927 1168 Deo
1989 1103 2529 1189 protestabantur
2573 1102 2659 1166 ad

566 1205 838 1275 classem
903 1206 1172 1270 Ricardi
1237 1205 1416 1270 inter
1475 1208 1906 1291 tempestates
1972 1206 2341 1270 maritimas
2406 1208 2663 1271 conser-

566 1307 868 1372 vandam.
983 1307 1076 1373 Et
1143 1308 1454 1372 continuo
1517 1312 1875 1393 tempesta-s
1934 1307 2272 1372 silentium
2331 1309 2662 1393 repetivit.

569 1409 740 1495 Ipsis
783 1410 1055 1474 tandem
1101 1413 1140 1476 9
1189 1409 1472 1473 navibus
1515 1408 1785 1494 reliquis
1828 1410 2181 1487 associatis,
2225 1432 2451 1475 omnes
2494 1410 2665 1496 pari-
2688 1434 2800 1485 The
2821 1436 2939 1487 fieet

569 1516 674 1577 ter
716 1511 804 1575 ad
849 1512 1091 1577 Acram
1133 1511 1608 1597 applicuerunt,
1653 1515 1722 1575 et
1768 1508 1980 1596 ipsam
2024 1511 2267 1575 Acram
2334 1512 2661 1577 obsessam
2686 1502 2895 1619 {23⁰⁸

567 1614 990 1700 reperierunt.
1081 1613 1166 1677 In
1229 1635 1359 1699 qua
1426 1612 1781 1689 obsidione,
1851 1612 2271 1677 Baldewinus
2314 1614 2666 1679 Cantuari-
2826 1606 2843 1622 ⁰

569 1714 745 1782 ensis
806 1716 1325 1802 archiepiscopus
1393 1720 1462 1780 et
1531 1714 1949 1779 Beluaeensis
1994 1716 2349 1801 episcopus,
2396 1717 2667 1781 comites

571 1818 1034 1885 Leicestrensis
1079 1823 1147 1883 et
1192 1818 1274 1882 de
1321 1816 1602 1895 FerrerS,
1647 1822 1718 1881 et
1763 1816 1897 1881 fere
1966 1838 2191 1882 omnes
2253 1817 2527 1898 nobiles,
2582 1839 2667 1882 ex

570 1921 778 1985 nimia
819 1921 988 1985 aeris
1031 1920 1421 2005 intemperie
1467 1919 1789 1984 obierunt.
1885 1918 2157 1984 Obsidio
2205 1925 2428 1984 tamen
2456 1941 2667 2006 usque

569 2024 656 2088 ad
715 2023 1078 2087 adventum
1143 2022 1435 2107 ipsorum
1479 2042 1710 2107 regum
1758 2020 2056 2085 Franciae
2102 2027 2170 2085 et
2213 2022 2477 2107 Angliae
2535 2022 2666 2087 fuit

569 2126 970 2190 continuata.
1062 2124 1230 2189 Cum
1262 2130 1485 2187 autem
1519 2122 2085 2209 proficiscerentur
2128 2123 2256 2210 ipsi
2301 2124 2431 2188 duo
2460 2145 2665 2209 reges,

569 2249 689 2291 rex
733 2226 994 2313 Angliae
1038 2247 1265 2289 versus
1327 2224 1690 2288 Marsiliam
1753 2229 1824 2288 et
1890 2245 2010 2287 rex
2082 2225 2378 2291 Franciae
2438 2247 2667 2291 versus
2724 2222 2727 2227 ’

570 2330 616 2394 J
620 2352 860 2393 annam
907 2351 1024 2415 per
1066 2332 1310 2392 terram
1357 2325 1777 2390 transierunt.
1870 2326 1962 2391 Et
2006 2348 2153 2390 cum
2198 2349 2319 2392 rex
2352 2328 2669 2393 Ricardus
2690 2332 2802 2383 The
2826 2334 2975 2411 death

571 2432 747 2516 apud
813 2430 1175 2495 Marsiliam
1244 2429 1643 2493 constitutus
1707 2428 1955 2507 fuisset,
2000 2430 2269 2495 veniens
2315 2430 2396 2494 de
2444 2430 2668 2495 Sicilia
2688 2399 2977 2532 figgYizli—ng

570 2532 845 2596 nuntius
875 2532 1146 2617 quidam
1176 2529 1521 2595 intimavit
1552 2530 1680 2595 sibi
1712 2529 2143 2595 Willielmum
2178 2553 2399 2617 regem
2430 2531 2667 2597 Siciliae
2690 2532 2751 2582 of
2766 2532 2941 2597 Sicily,

571 2636 803 2699 mortis
850 2634 1150 2698 debitum
1197 2632 1568 2710 exsolvisse,
1601 2632 2141 2717 Tancredumque
2186 2634 2489 2698 comitem
2520 2656 2667 2719 cog·
2688 2600 2991 2717 ffipffiffiffl

573 2742 806 2801 natum
875 2735 1080 2820 ipsius
1126 2734 1469 2798 Willielmi
1530 2756 1835 2799 coronam
1903 2735 2354 2820 praeripuisse3
2413 2733 2461 2798 J
2464 2735 2669 2799 ohan·
2690 2732 2903 2846 ”ffat-

571 2859 731 2902 nam
799 2837 1019 2914 etiam,
1065 2835 1274 2922 ipsius
1335 2836 1508 2921 regis
1579 2836 1846 2901 Ricardi
1903 2858 2205 2916 sororem,
2262 2860 2535 2903 uxorem
2599 2842 2669 2902 et
2690 2813 2997 2944 {eguergstion

572 2942 865 3025 reginam
941 2938 1145 3025 ipsius
1209 2937 1550 3002 Willielmi
1618 2939 1792 3024 regis
1862 2939 2123 3020 Siciliae,
2199 2940 2273 3004 in
2345 2961 2663 3005 carcerem
2686 2929 3000 2996 osTancred·

573 3043 939 3107 intrusisse.
1063 3041 1214 3104 Hiis
1259 3045 1486 3104 autem
1532 3041 1796 3116 auditis,
1844 3040 2163 3105 Ricardus
2208 3064 2325 3106 rex
2372 3042 2665 3108 Siciliam

573 3145 660 3209 ad
705 3143 1112 3208 Tancredum
1166 3141 1630 3206 debellandum
1694 3147 1763 3206 et
1827 3164 2113 3207 sororem
2156 3165 2339 3208 suam
2385 3143 2667 3209 liberan—

572 3246 724 3310 dam
769 3245 1037 3310 tendere
1081 3243 1505 3330 proponebat.
1618 3243 1763 3308 Sed·
1816 3243 1999 3328 prius
2065 3244 2153 3308 ad
2196 3245 2242 3308 J
2246 3266 2503 3321 annam,
2549 3245 2665 3308 ubi

570 3370 690 3412 rex
739 3347 1038 3411 Franciae
1083 3346 1383 3409 infirmus
1417 3345 1734 3431 jacuerat,
1769 3345 2176 3431 properabat.
2268 3345 2413 3410 Rex
2442 3353 2664 3410 autem
2690 3355 2947 3438 Richarq·

573 3449 917 3534 Philippus
961 3448 1230 3512 tandem
1277 3447 1730 3512 convalescens
1762 3447 2128 3511 Messanam
2176 3446 2415 3514 Siciliae
2458 3447 2665 3534 appli-
2690 3423 2984 3552 ἶξέωᾞιζξ

571 3552 783 3616 cabat.
903 3549 1178 3633 Rexque
1240 3547 1560 3612 Ricardus
1625 3548 1914 3613 Siciliam
1976 3549 2270 3627 tendenS‚
2336 3571 2485 3614 cum
2551 3572 2669 3636 per
2692 3555 2929 3610 Messinm.

573 3674 718 3717 oras
762 3651 1015 3716 Tiberis
1057 3651 1187 3714 iter
1231 3650 1517 3730 haberet,
1563 3651 1636 3712 in
1696 3649 1959 3714 obviam
2001 3649 2133 3715 fuit
2192 3653 2253 3717 ei
2299 3652 2475 3718 Otho
2523 3654 2666 3737 qui-

573 3755 726 3818 dam
769 3752 1136 3828 cardinalis„
1183 3775 1224 3816 a
1267 3753 1532 3817 domino
1575 3774 1748 3839 papa
1790 3752 1879 3816 ad
1923 3775 2073 3817 eum
2132 3755 2383 3834 missua
2430 3777 2667 3842 rogans

574 3878 726 3922 eum
771 3855 1049 3919 Romam
1093 3855 1359 3918 domino
1427 3877 1612 3941 papae
1675 3855 2135 3920 adventurum.
2230 3856 2377 3936 Quo
2443 3863 2671 3922 tamen

577 3962 946 4035 excusante,
992 3978 1190 4043 prope
1237 3957 1528 4042 Capuam
1575 3957 1885 4043 Apuliam
1930 3957 2250 4022 introivit.
2344 3958 2477 4038 Qui
2518 3966 2671 4024 tan-

575 4060 745 4140 dem,
795 4064 834 4125 3
883 4059 988 4122 die
1032 4063 1181 4144 post
1239 4057 1638 4143 Philippum,
1682 4058 1861 4144 apud
1907 4057 2276 4124 Messanam
2334 4059 2669 4146 applicans

576 4163 848 4227 nuntios
915 4160 1250 4225 Tancredo
1317 4159 1457 4244 regi
1521 4158 1759 4224 Siciliae
1836 4160 2349 4240 transmittebat,
2433 4183 2671 4247 rogans

573 4286 857 4330 sororem
903 4285 1090 4327 suam
1133 4263 1261 4348 ipsi
1306 4260 1737 4326 amicabiliter
1779 4262 2258 4327 retradendam.
2351 4263 2496 4342 Quo
2526 4265 2673 4348 qui-

575 4367 728 4432 dem
773 4371 1106 4431 annuente
1151 4370 1219 4429 et
1263 4364 1325 4428 ei
1370 4364 1580 4450 ipsam
1624 4363 1710 4427 ad
1755 4363 2123 4429 Messanam
2151 4365 2667 4444 transmittente,

1281 4688 1296 4718 ¹
1335 4685 1528 4750 missos]
1543 4761 1550 4766 Ι
1567 4684 1746 4736 missas
1768 4686 1825 4735 in
1848 4686 1963 4738 MS.
