3519 5734
730 881 857 946 148
1388 889 1585 942 ADAM
1628 889 1848 941 ABBAs
1895 888 2168 941 ramus·

392 1078 493 1128 and
515 1074 558 1127 is
732 1089 863 1156 qua
906 1069 1239 1136 daemones
1285 1089 1437 1134 eum
1498 1067 1811 1155 primitus
1869 1067 2278 1143 invaserunt,
2323 1065 2454 1131 viri
2497 1065 2598 1130 illi
2641 1067 2833 1152 quin·-

370 1143 693 1260 'ffissegfflgf
732 1172 959 1252 decim,
1032 1173 1151 1258 qui
1218 1171 1467 1238 ibidem
1535 1172 1599 1236 ei
1664 1171 1879 1258 primo
1923 1173 2313 1257 apparentes
2357 1169 2831 1246 instruxerant,

398 1278 651 1344 religion-⁰0.
733 1281 1199 1364 apparuerunt.
1292 1274 1427 1356 Qui
1503 1275 1722 1340 Deum
1795 1273 2144 1340 laudantes
2207 1271 2478 1358 ejusque
2537 1272 2834 1338 victoriae

731 1379 1145 1466 gratulantes
1236 1379 1574 1459 dixerunt,
1693 1384 1725 1414 “
1751 1377 1920 1463 Eya,
2010 1381 2217 1464 pater,
2308 1396 2488 1440 nune
2598 1376 2835 1441 scimus

736 1491 769 1519 “
815 1482 1127 1568 quoniam
1172 1504 1291 1569 per
1334 1486 1668 1547 tormenta
1712 1503 1860 1566 quae
1905 1480 2236 1546 sustinens
2287 1479 2573 1544 viriliter
2614 1477 2838 1544 vicisti

741 1591 778 1622 “
823 1586 909 1651 ab
979 1585 1285 1680 omnibus
1350 1585 1637 1672 peccatis
1704 1588 2027 1671 purgatus
2090 1604 2176 1648 es,
2266 1583 2359 1648 Et
2403 1603 2546 1648 eece
2579 1581 2722 1668 jam
2765 1582 2838 1644 in

742 1695 777 1726 “
824 1687 1045 1776 patria
1111 1692 1231 1753 tua
1294 1687 1459 1753 lueis
1527 1707 1764 1753 aurora
1837 1684 2147 1751 clarescit.
2263 1684 2558 1750 Ascende
2631 1683 2840 1769 igitur

740 1797 777 1827 “
823 1789 1275 1878 quantocius.''
1385 1791 1679 1877 Accepta
1751 1789 1979 1874 itaque
2055 1787 2140 1853 ab
2214 1786 2309 1852 eis
2382 1785 2840 1852 benedictione

407 1914 677 1996 The-prior
740 1896 1041 1983 protinus
1104 1894 1422 1961 aseendit.
1514 1893 1769 1959 Eadem
1830 1914 1988 1959 vero
2049 1891 2214 1956 hora
2279 1913 2409 1978 qua
2468 1889 2650 1977 prior
2713 1889 2842 1954 loci

406 1997 629 2062 repelvefl

408 2050 529 2104 lum.
746 2101 957 2181 Quem
1004 2121 1152 2166 cum
1195 2100 1439 2188 gaudio
1482 2120 1724 2186 magno
1769 2099 1948 2186 prior
1989 2097 2348 2185 suscipiens
2391 2097 2465 2161 in
2509 2095 2843 2161 eeclesiam

745 2204 1144 2284 introduxit,
1222 2203 1449 2290 ibique
1524 2225 1675 2268 eum
1748 2202 1896 2268 aliis
1971 2205 2055 2267 15
2133 2201 2365 2266 diebus
2433 2199 2842 2266 orationibus

410 2317 523 2366 The
538 2307 1049 2396 knight'insistere
1112 2307 1481 2374 constituit.
1572 2305 1854 2386 Deinde,
1903 2305 2091 2393 signo
2155 2306 2364 2370 crucis
2393 2297 2402 2306 ’
2431 2306 2504 2368 in
2567 2303 2842 2369 humero

408 2387 708 2503 ᾗξζῶζᾙ
747 2415 1065 2496 suscept0‚
1151 2409 1488 2476 Dominici
1570 2409 1857 2495 corporis
1939 2409 2308 2495 sepulcrum
2399 2406 2841 2472 Iherosolimis

747 2512 1019 2578 visitare
1087 2513 1401 2600 porrexit.
1515 2513 1608 2578 Et
1670 2513 1828 2578 inde
1895 2513 2154 2578 rediens
2215 2533 2434 2599 regem
2502 2510 2844 2577 dominum

414 2623 497 2674 On
520 2622 599 2671 his
748 2639 962 2697 suum,
1031 2616 1139 2682 cui
1206 2617 1391 2703 prius
1463 2615 1807 2682 familiaris
1869 2617 2209 2696 extiterat,
2276 2615 2462 2695 adiit,
2530 2616 2843 2700 quatinus

412 2689 672 2807 ssssffige
747 2719 1068 2805 ejusmodi
1116 2741 1311 2806 quem
1372 2719 1500 2784 sibi
1559 2719 1928 2784 consuleret
1978 2720 2118 2806 ipse
2159 2718 2494 2804 religionis
2538 2717 2844 2783 habitum

414 2823 499 2874 the
522 2823 651 2887 king
750 2822 1127 2908 susciperet.
1219 2821 1319 2887 Eo
1379 2826 1672 2909 tempore
1716 2822 1921 2889 abbas
1975 2819 2392 2903 Lundensis?
2434 2821 2550 2907 qui
2595 2839 2636 2887 a
2679 2843 2847 2909 prae-

414 2904 659 3020 ?ffigess'
750 2925 889 2989 fato
934 2945 1085 3010 rege
1128 2924 1345 2988 locum
1398 2924 1484 2989 ad
1543 2927 2054 2992 construendum
2113 2926 2583 2993 monasterium
2639 2926 2847 3013 impe-

416 3024 657 3141 ζξξξιξῡῦθ
752 3030 981 3104 trarat,
1060 3026 1432 3093 Gilbertum
1509 3029 1589 3094 de
1664 3030 1852 3095 Luda
1939 3030 2328 3095 monachum
2416 3050 2610 3093 suum
2699 3052 2847 3094 eum

566 3127 577 3141 '
755 3129 1151 3216 quibusdam
1194 3129 1341 3195 aliis
1384 3131 1471 3196 ad
1516 3132 1796 3198 eundem
1840 3154 2060 3221 regem
2101 3134 2176 3198 in
2220 3132 2612 3197 Hiberniam
2643 3132 2845 3211 misit,

756 3234 841 3299 ad
868 3234 1087 3319 ipsum
1116 3235 1586 3300 monasterium
1616 3238 2144 3303 construendum.
2217 3237 2347 3317 Qui
2377 3259 2526 3303 cum
2555 3237 2850 3324 linguam

756 3336 990 3424 patriae
1050 3337 1404 3425 ignoraret,
1464 3360 1601 3418 rex,
1646 3342 1854 3406 accito
1921 3342 2196 3427 praefato
2259 3340 2487 3420 milite,
2525 3340 2726 3426 jussit
2769 3344 2851 3404 ut

420 3444 603 3562 ἓξὲξ
757 3439 1082 3526 interpres
1127 3462 1274 3506 cum
1318 3442 1639 3507 monacho
1700 3448 2016 3509 maneret.
2111 3450 2148 3480 “
2167 3441 2583 3524 Gratanter‚''
2627 3442 2848 3529 inquit

423 3578 633 3628 himself
648 3586 700 3629 to
758 3542 961 3621 miles,
1012 3548 1048 3578 “
1071 3543 1131 3608 ei
1174 3544 1423 3610 servire
1483 3546 1701 3612 debeo.
1795 3546 1925 3613 Sed
1970 3568 2088 3613 vos
2131 3568 2279 3613 cum
2322 3568 2563 3634 magua
2606 3546 2851 3634 gratia·

424 3646 735 3763 acutat-{ian
763 3652 797 3681 “
840 3668 991 3711 rum
1032 3647 1290 3713 actione
1337 3647 1786 3717 cisterciensis
1830 3650 2082 3717 ordinis
2138 3650 2489 3716 monachos
2530 3648 2605 3714 in
2647 3670 2850 3737 regno

424 3727 599 3763 ¹⁰⁰²„
648 3728 724 3779 ¹7·
758 3752 795 3782 “
839 3752 1058 3814 vestro
1126 3752 1450 3839 suscipere
1526 3753 1832 3835 debetis;
1927 3753 2236 3840 quoniam
2325 3754 2399 3818 in
2474 3757 2852 3818 sanctorum

762 3856 799 3884 “
842 3850 1065 3937 requie
1131 3874 1267 3918 non
1332 3855 1476 3920 vidi
1536 3854 1836 3922 homines
1903 3856 2114 3944 gloria
2178 3861 2374 3923 tanta
2414 3856 2728 3943 praeditos
2772 3862 2852 3923 ut

763 3962 797 3987 “
844 3954 1040 4040 hujus
1102 3957 1437 4045 religionis
1497 3959 1731 4027 viros,''
1823 3960 2201 4047 Mansitque
2250 3982 2400 4025 eum
2443 3960 2672 4025 eodem
2715 3981 2854 4024 mo-

761 4055 973 4122 nacho
1036 4058 1221 4125 miles
1284 4060 1441 4141 ille3
1518 4062 1633 4127 sed
1699 4063 2054 4129 monachus
2130 4064 2237 4128 vel
2299 4084 2646 4128 conversus
2706 4062 2853 4128 fieri

760 4158 1006 4240 nolens,
1052 4160 1183 4227 fuit
1247 4163 1543 4249 ejusdem
1607 4166 1990 4230 monasterii
2033 4164 2388 4231 forinsecus
2432 4166 2505 4229 in
2548 4163 2854 4230 omnibus

428 4263 541 4314 The
551 4264 736 4331 knight
760 4268 1157 4349 procurator.
1280 4266 1856 4353 Opinantibusque
1929 4266 2321 4352 quibusdam
2390 4267 2566 4353 quod.
2632 4266 2852 4332 aulam

426 4332 610 4397 always
1005 4367 1018 4382 .
1303 4370 1316 4384 .
1715 4368 1730 4382 .
2055 4370 2068 4383 .
2687 4370 2700 4383 .

426 4399 735 4451 maintained
760 4372 1209 4453 praescriptam
1298 4372 1621 4435 intrantes
1712 4390 1785 4432 1n
1859 4374 2074 4434 extasi
2149 4391 2374 4437 omnes
2449 4375 2856 4457 praesenptas

828 4666 840 4695 ¹
877 4662 1097 4727 aperuit]
1136 4662 1366 4727 apparuit
1388 4662 1578 4713 ina-MS.
1853 4671 2138 4731 monastery
2161 4666 2222 4715 of
2247 4666 2411 4716 Louth
2448 4666 2602 4729 nuk,
2639 4668 2694 4717 in
2733 4668 2853 4718 Lin-

824 4744 845 4772 ²
900 4740 1204 4807 Lundennis]
1282 4744 1401 4791 read
1488 4743 1750 4793 Ludensis.
1856 4744 2118 4805 colnshire,
2139 4745 2184 4795 is
2207 4745 2458 4795 intended.

761 4822 1019 4885 Gemse‚·
1040 4822 1189 4872 abbot
1228 4821 1290 4871 of
1340 4822 1424 4871 the
1477 4822 1753 4873 Cistemian

742 2003 1005 2085 portam
1072 1994 1376 2083 aperuit,¹
1448 1996 1639 2062 miles
1714 1997 1796 2061 de
1857 1998 2049 2061 antro
2123 1993 2397 2059 veniens
2465 1992 2842 2081 apparebat.
2937 2031 2944 2038 ·
