3519 5734
815 802 943 867 246
1413 814 1692 865 ‘mous
1733 815 1953 865 ABBAs
1997 818 2305 868 ram-ms,

487 994 624 1047 ΑΛ).
646 1002 790 1049 1189.
816 990 1149 1056 referetur.
1242 990 1401 1056 Post
1458 989 1946 1055 coronationem
1998 994 2221 1055 autem
2266 1013 2475 1070 suam,
2518 1014 2639 1057 rex
2684 992 2911 1059 Ricar-
2934 995 3259 1113 {zo'fflziffgff'

486 1074 768 1205 ss⁰ffig⁰¹¹⁸
818 1093 942 1156 dus
990 1101 1027 1156 J
1031 1100 1242 1155 ohanni
1279 1100 1449 1156 fratri
1501 1118 1626 1165 sun,
1665 1106 1882 1172 praeter
1930 1100 1993 1155 id
2049 1102 2204 1171 quod
2256 1120 2327 1157 ex
2362 1102 2513 1158 dono
2565 1108 2808 1174 paterno
2842 1104 2907 1159 in

486 1208 614 1272 king
635 1216 688 1259 to
713 1210 794 1259 hi„
819 1181 1108 1235 Hibernia
1194 1186 1254 1235 et
1321 1180 1685 1236 Normannia
1768 1179 2090 1245 habuerat,¹
2172 1182 2504 1252 provincias
2577 1182 2907 1247 Cornubiae,

485 1274 706 1337 brother,
819 1264 1114 1329 Devoniae,
1155 1264 1568 1336 Notyngamiae
1617 1270 1678 1318 et
1711 1264 2084 1328 Lancastriae,
2124 1265 2390 1320 contulit.
2468 1264 2586 1319 Sed
2632 1272 2693 1321 et
2728 1267 2911 1321 filiam

481 1340 654 1403 1²5⁰oe
820 1348 1052 1403 comitis
1091 1346 1442 1412 Gloverniae‚
1483 1348 1546 1402 in
1581 1348 1758 1403 tertio
1796 1346 1987 1418 gradu
2021 1349 2512 1420 consanguineam
2548 1368 2735 1415 suam,
2774 1368 2911 1406 cum

486 1406 644 1457 John·
819 1432 1158 1505 integritate
1181 1432 1408 1504 paterni
1437 1431 1613 1502 juris,
1647 1431 1841 1485 eidem
1876 1431 2189 1502 copulavit.
2251 1432 2370 1487 Sed
2404 1438 2465 1488 et
2488 1434 2715 1489 indulta
2738 1435 2911 1491 fratri

818 1517 1137 1571 tetrarchia
1151 1516 1171 1549 ²
1195 1517 1336 1571 fecit
1358 1516 1658 1585 ingratum
1681 1520 1742 1569 et
1764 1512 2009 1569 infidum
2033 1516 2209 1569 etiam
2230 1516 2452 1571 ambire
2488 1519 2906 1575 monarchiam.

487 1602 711 1654 Richard
821 1601 1194 1687 Composito
1257 1600 1484 1685 itaque
1531 1598 1781 1686 [pacto]
1842 1598 2020 1663 inter
2071 1600 2323 1664 dictum
2387 1600 2743 1667 Ricardum
2810 1626 2912 1668 re-

486 1670 741 1787 ⁰3:¹³3ssOE
761 1754 793 1788 a
815 1723 962 1787 gem
1010 1702 1273 1788 Angliae
1336 1706 1407 1766 et
1467 1700 1845 1786 Philippum
1906 1721 2125 1787 regem
2188 1700 2502 1781 Franciae,
2552 1706 2909 1770 secundum

483 1804 702 1854 crusade.
817 1809 1048 1868 votum
1094 1802 1464 1889 pristinum,
1517 1802 1663 1887 jam
1707 1807 1870 1867 tunc
1914 1802 2183 1886 quidem
2202 1802 2227 1840 ⁸
2270 1826 2312 1867 a
2354 1803 2713 1871 willielmo
2757 1830 2910 1896 rege

817 1903 1361 1982 Ierosolimorum,
1437 1905 1770 1989 quondam
1859 1902 2073 1967 milite
2148 1903 2229 1968 de
2312 1905 2679 1991 Aquitania
2766 1910 2911 1977 sive

817 2006 1048 2083 Gallia,
1097 2008 1210 2091 qui
1256 2012 1332 2070 ut
1396 2006 1780 2092 praedicitur
1838 2006 2135 2091 reginam
2180 2004 2579 2073 Ierosolimae
2625 2010 2909 2079 duxerat

813 2108 885 2172 in
960 2129 1252 2185 uxorem,
1327 2110 1610 2174 secundo
1700 2108 1977 2172 invitati
2066 2108 2243 2193 quod
2332 2130 2559 2175 versus
2634 2113 2906 2180 Terram

815 2210 1128 2277 Sanctam
1159 2212 1523 2289 tenderent,
1557 2210 1644 2275 ad
1687 2211 1900 2297 ipsam
1938 2210 2019 2275 de
2064 2210 2371 2276 manibus
2402 2212 2909 2282 Sarracenorum

811 2314 1234 2391 liberandam,
1267 2335 1388 2379 rex
1434 2313 1753 2378 Ricardus
1798 2317 2101 2398 sumptus
2145 2334 2490 2399 congerere
2534 2315 2909 2385 festinabat.

479 2406 560 2457 He
573 2408 788 2459 reoeives
815 2415 1004 2480 Misit
1071 2437 1225 2502 ergo
1291 2419 1560 2502 propter
1603 2414 2035 2479 Willielmum
2102 2436 2323 2501 regem
2369 2415 2625 2495 Scotiae,
2672 2425 2752 2484 ut
2818 2424 2907 2489 ad

477 2488 716 2592 &1232
813 2540 961 2584 eum
1025 2518 1359 2584 accederet
1421 2519 1508 2583 ad
1571 2517 1949 2602 homagium
2015 2537 2208 2580 suum
2270 2517 2655 2586 faciendum.
2772 2522 2906 2602 Qui

477 2604 717 2725 ls‘ffffilgd
811 2621 1084 2685 veniens
1185 2620 1614 2686 Cantuariam
1711 2617 1981 2704 regique
2057 2618 2339 2682 Ricardo
2428 2620 2693 2688 domino
2784 2647 2905 2693 suo

475 2738 530 2787 in
553 2742 654 2791 lieu
677 2744 738 2792 of
814 2723 1191 2807 homagium
1257 2722 1518 2801 faciem,
1584 2720 1772 2786 dedit
1839 2720 1900 2784 ei
1960 2718 2180 2784 decem
2245 2720 2457 2785 millia
2518 2746 2903 2807 marcarum,

471 2806 702 2874 homage.
807 2829 888 2889 ut
953 2824 1178 2890 omnia
1242 2828 1623 2889 tenementa
1690 2844 1829 2901 sua,
1898 2822 2215 2908 ligantias
2288 2824 2493 2889 etiam
2561 2826 2905 2896 hominum

805 2947 1074 2991 suorum
1128 2946 1290 3010 quas
1311 2923 1340 2960 ⁴
1384 2925 1466 2990 de
1528 2925 1831 2990 condicto
1892 2925 2035 3010 regi
2079 2923 2344 3012 Angliae
2410 2926 2621 2994 facere
2684 2953 2907 3018 repro-

806 3027 1097 3105 miserat,
1162 3027 1237 3092 in
1311 3048 1426 3092 sua
1505 3031 1835 3112 potestate
1907 3027 2239 3112 reciperet.
2354 3027 2672 3097 Reddidit
2748 3057 2905 3121 ergo

805 3151 925 3195 rex
993 3130 1318 3195 Ricardus
1393 3129 1606 3194 eidem
1673 3127 2035 3194 willielmo
2109 3130 2251 3216 regi
2325 3129 2563 3198 Scotiae
2637 3137 2907 3202 castella

807 3255 926 3297 sua
969 3233 1054 3297 de
1098 3230 1386 3318 Berwyk
1431 3235 1500 3296 et
1560 3231 1642 3296 de
1687 3230 2181 3316 Rokesburghe‚
2228 3232 2411 3296 salvo
2456 3235 2599 3322 regi
2642 3237 2906 3324 Angliae

806 3334 1078 3398 servitio
1157 3335 1335 3419 quod
1413 3331 1797 3398 Malcolmus
1861 3327 1879 3354 “
1896 3355 2015 3397 rex
2082 3333 2319 3399 Scotiae
2336 3337 2367 3373 '
2434 3339 2575 3423 regi
2639 3340 2905 3427 Angliae

805 3436 1016 3500 facere
1082 3434 1314 3500 debuit
1382 3439 1451 3500 et
1511 3435 1873 3499 consuevit.
1964 3434 2284 3500 Referunt
2346 3442 2569 3503 tamen
2634 3442 2906 3527 quidam

807 3538 984 3622 quod
1045 3537 1186 3623 ipse
1247 3536 1645 3601 Willielmus
1707 3558 1827 3601 rex
1904 3536 2143 3601 Scotiae
2213 3540 2293 3603 16
2372 3540 2579 3606 millia
2654 3566 2906 3611 marcas

805 3643 966 3703 tunc
1042 3639 1324 3703 Ricardo
1399 3639 1539 3725 regi
1607 3638 1871 3725 Angliae
1946 3639 2165 3717 solvit,
2241 3641 2314 3704 in
2388 3643 2905 3712 satisfactionem

807 3739 1219 3825 quarundam
1282 3741 1879 3828 transgressionum
1954 3763 2116 3826 quas
2178 3743 2359 3827 prius
2425 3766 2580 3832 erga
2646 3747 2903 3814 dictum

804 3841 1162 3907 Ricardum
1232 3847 1660 3929 perpetrarat.
1772 3843 2091 3928 Tempore
2156 3850 2379 3909 autem
2454 3847 2651 3933 hujus
2726 3853 2904 3938 regis

807 3942 1075 4009 Ricardi
1128 3944 1210 4008 de
1275 3945 1630 4010 rebellione
1678 3943 2058 4009 Scottorum
2118 3967 2254 4009 non
2316 3949 2657 4034 reperitur.
2750 3952 2903 4040 Ipse

771 4043 1032 4112 'tamen
1097 4045 1492 4142 willielmus
1564 4069 1685 4112 rex
1761 4045 2019 4125 Scotiae,
2088 4049 2125 4110 5
2205 4070 2379 4115 anno
2454 4051 2652 4139 hujus
2726 4058 2903 4142 regis

807 4148 1093 4226 Ricardi,
1166 4147 1478 4233 exigebat
1550 4170 1699 4213 cum
1774 4171 1933 4234 pace
2006 4171 2047 4213 a
2135 4149 2313 4217 dicto
2385 4175 2539 4241 rege
2617 4155 2902 4224 Ricardo

807 4257 1019 4318 terras
1062 4250 1225 4314 alias
1251 4267 1432 4336 ’quas
1495 4251 1556 4315 ei
1626 4251 1886 4316 dicebat
1930 4251 2014 4317 <le
2072 4253 2225 4338 jure
2292 4265 2675 4344 competere.
2766 4261 2900 4327 Sed

876 4556 890 4584 ¹
923 4499 1186 4621 habuerat]
1224 4563 1492 4620 receperat,
1513 4557 1576 4608 R.
1601 4559 1668 4609 Η.
1970 4564 1989 4593 ⁸
2020 4563 2175 4614 Aster-
2194 4565 2396 4629 quidem,
2433 4573 2651 4622 secundo
2683 4573 2907 4627 inserted

1903 4641 1957 4690 in
1982 4641 2111 4701 MS..
2133 4644 2222 4693 but
2242 4647 2536 4699 redundant.

875 4711 897 4742 ²
928 4711 1218 4780 tetrarchia]
1256 4715 1520 4779 ierarchia,
1541 4715 1654 4768 MS.
1968 4721 1988 4750 ⁴
2018 4722 2169 4787 quas]
2208 4726 2342 4786 quod
2362 4725 2417 4774 in
2440 4727 2555 4779 MS.
