3519 5734
859 911 988 976 366
1505 924 1701 974 {meo
1745 923 1965 975 ABnAs
2008 925 2331 984 ouum-ue.

527 1108 818 1160 A.D.1210
859 1102 997 1166 suis
1059 1101 1362 1188 quaedam
1429 1101 1724 1178 ealearia,
1808 1101 2023 1188 pretio
2075 1104 2119 1166 4
2179 1100 2599 1167 denariorum
2666 1105 2951 1166 tantum.

521 1203 554 1216 -·
562 1181 703 1226 1220.

523 1311 767 1367 Coldona.

528 2039 691 2092 Grant
712 2039 775 2091 of

528 2107 648 2157 land
671 2106 798 2158 with

525 2175 704 2224 burial.

527 3270 657 3319 Losa
678 3270 737 3321 of

529 3338 660 3387 land.

859 1203 964 1270 De
1029 1225 1162 1291 qua
1228 1225 1543 1270 mansura
1593 1209 1894 1292 tempore
1940 1202 2287 1269 Michaelis
2330 1203 2593 1270 abbatis
2638 1207 2681 1267 8
2726 1207 2957 1289 postea

857 1307 1194 1374 referetur.
1264 1305 1597 1374 Robertus
1641 1307 1849 1373 etiam
1880 1305 2267 1374 Ookerellus
2312 1306 2397 1372 de
2442 1305 2739 1374 Coldona
2768 1304 2956 1371 dedit

859 1409 1053 1478 nobis
1101 1413 1142 1478 4
1186 1410 1467 1476 bovatas
1509 1414 1708 1476 terrae
1749 1431 1903 1476 enm
1960 1410 2181 1476 tribus
2238 1410 2431 1476 toftis
2494 1410 2571 1474 in
2638 1409 2953 1488 Coldona,

857 1514 1152 1603 exceptis
1211 1513 1350 1580 viii.
1407 1512 1576 1580 aeris
1637 1517 1839 1580 terrae
1918 1513 2001 1578 de
2075 1510 2416 1600 praedictis
2490 1511 2609 1599 iiij.
2668 1509 2953 1591 bovena,

861 1639 1026 1704 quas
1069 1615 1201 1682 sibi
1243 1617 1609 1683 reservavit
1651 1617 1740 1682 ad
1784 1615 2159 1682 faciendum
2188 1615 2579 1682 forinsecum
2607 1615 2958 1681 servitium

861 1720 1038 1806 quod
1081 1719 1330 1786 eaedem
1371 1723 1416 1785 4
1459 1719 1728 1786 bovatoe
1771 1718 1983 1785 faeere
2032 1723 2533 1786 consueverunt.
2622 1717 2963 1785 Praeterea

863 1822 1052 1890 dedit
1093 1821 1286 1888 nobis
1340 1825 1685 1909 pasturam
1743 1820 2178 1888 sufficientem
2236 1819 2381 1886 viii.
2438 1821 2649 1886 bobus
2689 1821 2958 1907 ubique,

863 1945 1012 1990 cum
1055 1923 1298 1989 averiis
1339 1923 1494 2004 suis,
1525 1923 1598 1989 in
1629 1923 1960 1989 dominiea
1986 1927 2263 2010 pastura
2290 1945 2411 1989 sua
2436 1923 2730 2008 ejusdem
2758 1923 2958 1990 vfflae.

865 2026 1200 2112 Deditque
1241 2024 1453 2105 nobie,
1501 2047 1650 2091 eum
1696 2046 1967 2114 corpore
2010 2046 2133 2092 suo
2178 2024 2358 2112 apud
2400 2045 2523 2091 nos
2562 2025 2958 2112 sepeliend0,

859 2149 1064 2193 unam
1107 2126 1435 2194 culturam
1478 2127 1553 2192 in
1595 2128 1777 2194 diota
1820 2129 1983 2194 vilia
2008 2126 2030 2165 ¹
2062 2149 2214 2194 eum
2256 2131 2451 2216 prato
2492 2127 2855 2214 adjaoente,
2884 2133 2957 2192 et

861 2231 1024 2297 alias
1079 2231 1248 2296 duas
1315 2229 1596 2296 bovatas
1660 2235 1859 2298 terrae
1924 2252 2077 2296 eum
2135 2251 2273 2296 uno
2334 2229 2509 2296 tofto
2582 2230 2659 2294 in
2724 2230 2953 2296 eadem

859 2333 1038 2400 vflla.
1131 2331 1342 2420 Cujus
1383 2332 1564 2398 filius
1631 2333 1983 2412 Robertus,
2030 2355 2180 2398 eum
2246 2331 2685 2400 hereditatem
2744 2329 2959 2418 patris

861 2438 965 2503 sui
1008 2437 1242 2503 fuisset
1285 2441 1640 2513 assecutus,
1667 2435 2088 2502 eonfirmavit
2130 2435 2326 2502 nobis
2356 2455 2581 2502 omnes
2606 2435 2960 2521 praedictas

863 2541 1274 2621 donationes,
1335 2544 1408 2604 et
1428 2537 1457 2575 ⁹
1501 2539 1811 2626 promisit
1868 2539 2077 2618 nobie,
2135 2561 2213 2604 ae
2271 2538 2472 2604 tactis
2530 2537 2961 2604 saerosanctis

863 2643 1226 2729 evangeliis
1290 2641 1644 2709 voluntate
1707 2645 2074 2728 spontanea
2123 2641 2402 2728 juravit,
2464 2641 2644 2727 quod
2700 2641 2960 2706 nemini

861 2745 1154 2832 aliquam
1181 2749 1442 2832 partem
1483 2744 1571 2810 de
1588 2739 1617 2780 ⁸
1645 2743 2048 2831 patrimonio
2092 2765 2210 2810 suo
2254 2744 2462 2822 damet,
2494 2741 2817 2810 venderet
2842 2763 2963 2809 seu

861 2847 1255 2923 invadiaret‚
1322 2845 1464 2912 sine
1522 2844 1796 2912 oonsilio
1854 2849 2086 2911 nostro
2145 2852 2215 2912 et
2258 2845 2625 2927 voluntate,
2667 2866 2789 2913 nec
2838 2845 2959 2911 ali-

862 2949 964 3034 cuj
972 2971 1050 3014 us
1093 2948 1363 3015 consilio
1407 2950 1846 3035 aequieseeret
1905 2948 2084 3034 quod
2145 2953 2317 3040 esset
2372 2954 2609 3015 eontra
2664 2953 2961 3015 nostram

862 3053 1247 3117 libertatem
1309 3057 1380 3119 et
1437 3052 1877 3118 voluntatem.
1970 3050 2031 3117 N
2043 3072 2118 3117 eo
2160 3056 2391 3118 tamen
2434 3052 2691 3138 aliquas
2737 3053 2959 3139 plures

863 3160 1072 3220 terras
1113 3154 1190 3219 in
1234 3153 1414 3219 dicta
1441 3154 1606 3219 villa
1636 3153 1979 3219 valuimus
2020 3153 2335 3234 obtinere,
2367 3154 2483 3220 sed
2532 3176 2657 3220 nec
2684 3156 2959 3241 adeptas

865 3258 984 3323 diu
1005 3255 1033 3294 ⁴
1089 3256 1554 3323 retinebamus.
1668 3254 1850 3322 Nam
1916 3255 2335 3345 praescriptas
2381 3260 2423 3321 4
2465 3256 2743 3323 bovatas
2808 3278 2963 3323 eum

861 3364 1136 3450 pastura
1197 3362 1240 3423 8
1300 3360 1515 3425 bobus
1575 3358 1902 3425 Ricardus
1974 3358 2183 3425 abbas
2244 3356 2349 3429 7¹²³
2422 3358 2693 3425 Matheo
2766 3359 2962 3424 fratri

863 3470 932 3530 et
975 3462 1207 3529 heredi
1269 3460 1435 3530 dicti
1501 3461 1783 3529 Roberti
1841 3462 1930 3528 ad
1986 3460 2165 3528 feodi
2216 3460 2478 3526 firmam
2520 3483 2641 3549 pro
2686 3462 2962 3528 dimidia

865 3588 1086 3632 marca
1115 3588 1340 3633 annua
1366 3567 1759 3634 retradebat.
1854 3564 1989 3632 Sed
2031 3568 2101 3631 et
2144 3562 2265 3629 illa
2308 3563 2584 3629 dimidia
2625 3586 2849 3631 marca
2874 3588 2961 3631 ex

863 3691 1174 3758 processu
1233 3668 1550 3756 temporis
1623 3673 1723 3734 est
1784 3669 2103 3756 neglecta.
2215 3662 2517 3754 Reliquae
2576 3690 2735 3734 vero
2810 3668 2961 3735 duae

526 3774 840 3847 Estheitfeltf.
866 3773 1130 3840 bovatae
1159 3777 1227 3838 et
1258 3771 1520 3837 cultura
1547 3770 1636 3835 ad
1667 3790 1831 3856 quos
1864 3770 2258 3837 devenerint
2286 3770 2653 3857 ignoratur.
2744 3770 2965 3838 Idem-

863 3898 993 3964 que
1038 3874 1241 3941 abbas
1285 3872 1490 3961 Hugo
1547 3872 1870 3938 concessit
1926 3872 2013 3937 ad
2070 3871 2251 3938 feodi
2318 3872 2581 3938 firmam
2627 3872 2962 3942 Willelmo

861 3980 1001 4046 filio
1047 3976 1330 4045 GaJfi-idi
1373 3975 1455 4043 de
1508 3972 2004 4061 Wythornwyk
2044 3996 2251 4041 unam
2294 3974 2611 4042 bovatam
2656 3983 2726 4044 et
2769 3977 2966 4044 dimi-

865 4084 1046 4148 diam
1110 4087 1305 4147 terrae
1373 4082 1442 4146 et
1504 4098 1716 4143 unum
1776 4076 2084 4156 clausum,
2150 4082 2372 4143 totum
2416 4078 2727 4146 videlieet
2784 4082 2965 4167 quod

866 4186 1218 4252 habuimus
1269 4184 1344 4249 in
1393 4178 1822 4267 Estheytfeld
1885 4181 1974 4248 de
2025 4178 2360 4248 Wfflelmo
2406 4181 2563 4249 Tele
2606 4189 2677 4250 et
2720 4182 2965 4251 Balde-

530 4290 802 4346 westheit-
867 4290 1044 4355 wino
1089 4284 1384 4373 Tyrrell3
1443 4287 1516 4349 et
1560 4282 1727 4348 duas
1771 4281 2055 4350 bovatas
2098 4303 2248 4349 cum
2302 4286 2345 4351 3
2391 4283 2775 4352 sellionibus
2814 4307 2964 4374 quae

529 4358 649 4411 feld.

933 4594 948 4625 ¹
985 4592 1118 4643 dicta
1175 4587 1318 4656 villa]
1405 4586 1662 4641 territorio
1719 4586 1871 4640 dicem
1954 4594 2068 4652 post
2090 4586 2329 4639 seisinam
2350 4588 2471 4641 inde
2490 4588 2679 4641 fictam
2716 4590 2782 4642 de
2801 4590 2937 4656 patri

865 4674 1021 4734 ville,
1043 4672 1106 4723 P.
1953 4667 2127 4720 monio
2148 4684 2241 4719 suo
2262 4668 2317 4719 in
2340 4668 2586 4732 0011101111,
2608 4669 2669 4723 P.

2020 4746 2041 4777 ⁸
2074 4746 2228 4798 After
2247 4746 2307 4798 de
2326 4746 2489 4801 insert
2510 4749 2665 4813 dicto,
2687 4750 2749 4801 P.

931 4835 952 4865 ²
984 4832 1137 4891 Aster
1156 4837 1204 4883 et
1223 4828 1402 4895 insert,
1416 4828 1551 4881 insta
1563 4825 1871 4895 quindenam
2019 4828 2039 4857 ⁴
2070 4827 2279 4895 adeptas
2293 4828 2407 4897 diu]
2432 4828 2549 4882 illas
2570 4836 2629 4883 nt
2648 4830 2875 4893 decebat,
2888 4830 2955 4883 P.
