3519 5734
1105 830 1459 885 memus
1500 828 1715 881 mss
1761 829 2112 883 surmus.
2533 816 2664 883 439

561 1009 847 1080 magister
904 1006 969 1061 in
1026 1006 1252 1063 artibus
1306 1003 1567 1076 quotidie
1626 1003 1873 1060 missam
1933 1002 2157 1068 audire,
2210 1002 2386 1059 horas
2446 1003 2663 1073 dicere,
2698 1000 2836 1053 A-D·
2859 1005 2988 1051 1228

560 1098 876 1163 antequam
910 1091 1141 1163 legeret
1172 1088 1515 1154 consuevit3
1558 1088 1716 1159 quod
1751 1092 1814 1143 et
1864 1086 2188 1144 scolaribus
2244 1087 2368 1143 suis
2423 1088 2664 1159 profuit,
2697 1073 2758 1117 *¹
2767 1072 2879 1120 ²⁴⁷·

561 1175 705 1231 dum
738 1192 838 1231 eos
872 1173 1087 1231 missae
1142 1172 1347 1229 audire
1398 1172 1486 1229 sic
1538 1170 1792 1227 edocuit.
1883 1170 2204 1227 Pecuniam
2255 1188 2292 1226 a
2345 1172 2668 1229 scolaribus

560 1264 859 1331 acceptam
880 1258 945 1313 in
966 1257 1226 1314 fenestra
1247 1256 1463 1329 posuit,
1491 1250 1717 1319 dicens,
1744 1252 2050 1326 pulverem
2070 1254 2086 1287 ¹
2124 1254 2356 1327 pulveri
2379 1256 2670 1312 cinerem²

563 1342 747 1399 cineri
783 1342 997 1398 debere
1032 1341 1190 1414 poni,
1220 1358 1351 1412 quoe
1388 1356 1544 1410 saepe
1581 1356 1618 1394 a
1652 1337 1828 1395 sociis
1859 1337 2012 1409 jocO,
2039 1339 2138 1395 vel
2174 1357 2211 1395 a
2243 1339 2474 1397 furibus
2511 1340 2668 1396 clan-

566 1423 717 1488 culo,
756 1419 1207 1495 asportabatur-‚⁸
1276 1418 1555 1485 Tandem,
1597 1436 1734 1475 oum
1770 1418 2202 1475 arithmeticam
2219 1418 2240 1451 ⁴
2295 1412 2536 1475 cursim
2586 1421 2668 1475 le·

566 1509 754 1575 geret,
794 1502 1067 1574 apparuit
1102 1500 1159 1556 ei
1192 1499 1257 1555 in
1291 1499 1512 1556 somnis
1548 1502 1739 1555 mater
1776 1516 1902 1564 sua,
1942 1498 2166 1555 dudum
2200 1506 2450 1566 mortua,
2477 1500 2670 1572 inqui-

564 1604 701 1644 rens
738 1592 799 1642 et
834 1586 1139 1643 sciscitans
1178 1602 1309 1655 quae
1362 1587 1561 1639 essent
1610 1582 1733 1637 illae
1785 1582 1992 1653 figurae
2047 1583 2260 1652 quibus
2309 1584 2667 1641 intendebat.

567 1670 694 1740 Quo
746 1670 1134 1743 respondente
1185 1667 1331 1725 talia
1384 1672 1445 1723 et
1506 1666 1667 1732 talia,
1724 1665 1832 1723 illa
1888 1666 2152 1738 depinxit
2207 1668 2272 1723 in
2327 1686 2508 1725 manu
2567 1686 2676 1725 sua

567 1754 806 1810 dextera
855 1754 891 1809 3
944 1752 1217 1817 circulos,
1273 1752 1515 1807 Patrem
1566 1756 1627 1807 et
1679 1749 1904 1805 Filium
1955 1756 2016 1807 et
2067 1750 2355 1824 Spiritum
2393 1751 2673 1809 Sanctum

568 1838 949 1894 continentes.
1024 1838 1063 1867 “
1084 1834 1287 1901 Hiis,”
1324 1834 1538 1907 inquit,
1568 1836 1608 1863 “
1629 1832 1734 1899 fili,
1763 1834 1836 1889 de
1873 1839 2088 1890 oaetero
2122 1835 2362 1891 intende
2398 1835 2673 1907 figuris.”

568 1922 727 1977 Baro
760 1922 824 1977 in
859 1919 1109 1977 ecclesia
1144 1919 1315 1985 sedit,
1356 1918 1462 1975 sed
1514 1922 1618 1974 aut
1672 1922 1836 1974 stans
1891 1923 1996 1974 aut
2044 1935 2239 1989 genua
2286 1920 2525 1975 flectens
2579 1936 2674 1975 ex-

568 2006 775 2061 oravit.
848 2004 923 2059 In
958 2004 994 2059 3
1030 2004 1364 2075 specialiter
1398 2002 1613 2059 enituit
1623 2024 1641 2068 3
1690 2020 1828 2057 nam
1851 2007 1979 2058 erat
2001 2002 2350 2073 praedicator
2372 2004 2672 2076 egregiae,

569 2087 898 2160 disputator
934 2088 1251 2143 acerrimus
1288 2090 1351 2142 et
1400 2086 1588 2143 lector
1636 2085 1792 2157 pius.
1881 2086 1954 2141 In
2004 2086 2368 2141 fallaciarum
2419 2088 2678 2143 animad-

568 2174 837 2230 versione
872 2171 990 2229 fnit
1023 2173 1507 2242 circumspectus,
1534 2172 1599 2225 in
1622 2170 1920 2227 solvendis
1956 2169 2318 2241 temporibus
2333 2170 2353 2202 ⁵
2389 2173 2674 2238 oculatus,

569 2256 633 2312 in
666 2256 919 2328 legendo
966 2255 1370 2312 aedificativus.
1455 2254 1591 2310 Prae
1642 2254 1828 2309 nimia
1877 2254 2232 2309 abstinentia
2278 2255 2418 2327 pilis
2469 2256 2678 2327 capitis

570 2346 631 2395 et
686 2340 884 2397 barboe
943 2339 1352 2396 decidentibus
1411 2337 1572 2394 labia
1630 2338 1761 2409 ejus
1815 2337 1957 2394 fissa
2007 2337 2401 2404 videbamus-3
2453 2339 2679 2411 grossis

570 2428 740 2482 utens
776 2424 1015 2480 cibariis
1052 2421 1225 2478 cum‘
1258 2420 1408 2477 feria
1442 2422 1502 2475 2·
1536 2426 1597 2477 et
1630 2422 1708 2487 4⁸,
1748 2426 1810 2477 et
1841 2422 1904 2476 in
1941 2420 2392 2494 Septuagesima
2426 2440 2462 2477 a
2495 2422 2682 2479 carni-

571 2507 683 2563 bus
719 2506 1063 2562 abstinebat.
1132 2505 1335 2561 Pridie
1372 2503 1524 2577 qua⁷
1559 2504 1900 2571 celebravit,
1939 2511 2000 2561 et
2033 2505 2098 2561 in
2119 2506 2250 2578 ipso
2273 2506 2681 2562 celebrationis

573 2591 689 2657 die,
729 2608 932 2646 carnes
968 2606 1083 2645 non
1120 2588 1399 2661 gustavit.
1488 2587 1661 2644 Unde
1710 2607 2130 2660 nonnunquam
2180 2590 2401 2647 mensis
2449 2591 2682 2662 integer

570 2673 914 2746 pertransiit
972 2691 1088 2745 quo
1141 2690 1347 2729 carnes
1400 2690 1518 2728 non
1569 2672 1841 2731 comedit.
1938 2674 2096 2730 Baro
2150 2675 2407 2731 comedit
2464 2676 2555 2731 bis
2615 2676 2680 2729 in

573 2759 690 2815 die.
764 2758 1101 2815 Electuaria
1136 2763 1197 2813 et
1242 2756 1616 2813 medicinalia
1663 2776 1782 2813 non
1834 2758 2095 2814 curabat.
2171 2758 2245 2815 In
2306 2759 2557 2831 genibus
2613 2776 2684 2814 ex

574 2842 871 2915 frequenti
919 2842 1349 2914 geniculatione
1400 2841 1581 2899 calles
1629 2841 1900 2899 habebat.
1993 2842 2111 2898 Per
2166 2843 2431 2916 singulos
2487 2844 2613 2900 dies
2651 2844 2685 2899 3

575 2928 725 2983 dixit
756 2928 1035 2982 horarum
1082 2927 1267 2998 paria,
1308 2925 1382 2982 de
1436 2926 1553 2992 die,
1594 2926 1667 2981 de
1721 2926 1996 2993 Domina,
2037 2926 2110 2982 de
2167 2926 2397 2999 Spiritu
2452 2927 2682 2994 SanctO,

573 3029 711 3068 cum
763 3012 951 3067 officio
1002 3010 1433 3067 defunctorum.
1529 3011 1679 3067 Post
1730 3011 1994 3082 primum
2055 3028 2328 3067 somnum
2387 3012 2460 3067 de
2521 3019 2690 3068 nocte

577 3114 828 3169 surgens
865 3094 1185 3168 syna1um⁸
1220 3094 1453 3150 dicebat
1491 3135 1503 3149 .
1550 3135 1564 3150 .
1606 3127 1622 3149 -.
1666 3134 1679 3149 .
1750 3095 2004 3151 Nullum
2037 3095 2388 3152 beneficium
2423 3101 2692 3152 curatum

574 3187 790 3252 praeter
823 3180 1066 3236 unicum
1099 3184 1301 3235 tenere
1336 3177 1545 3234 voluit.
1608 3177 1835 3250 Largae
1873 3196 2154 3250 expensas
2191 3181 2352 3246 fecit,
2380 3197 2452 3235 ne
2479 3198 2690 3238 avarus

576 3264 886 3321 diceretur.
958 3262 1462 3322 ventilationibus
1488 3279 1803 3319 causarum
1825 3263 2114 3320 interesse
2138 3262 2346 3320 noluit.
2421 3263 2687 3321 Curiales

578 3349 887 3405 saeculares
913 3348 989 3404 ad
1022 3365 1286 3404 mensam
1322 3346 1579 3413 admisit,
1608 3352 1677 3403 ut
1712 3363 1811 3402 eas
1837 3346 1963 3402 Deo
1987 3347 2342 3404 lucriferret.
2420 3347 2690 3406 Officinas

579 3451 715 3489 suae
750 3449 1044 3504 nusquam
1077 3431 1362 3488 visitavit.
1440 3431 1796 3504 Gompotmn
1831 3431 1904 3488 de
1939 3431 2226 3490 ministris
2277 3450 2393 3488 non
2445 3432 2687 3489 audivit.

579 3517 727 3572 Plus
764 3532 997 3584 semper
1032 3515 1369 3584 expendidit
1403 3533 1581 3586 quam
1614 3514 1838 3571 habuit.
1914 3515 1972 3571 A
2027 3517 2265 3574 famulis
2320 3517 2444 3574 suis
2500 3517 2692 3573 carnis

580 3597 933 3654 munditiam
969 3597 1113 3652 adeo
1150 3597 1349 3667 exegit
1382 3603 1468 3662 ut,
1508 3615 1581 3651 ex
1614 3604 1787 3668 pacto
1823 3601 2064 3671 scripto,
2117 3601 2580 3674 quandocunque
2617 3601 2694 3658 ad

580 3682 812 3738 lubrica
843 3681 1180 3737 laberentur
1216 3684 1456 3750 accepta
1488 3678 1759 3734 mercede
1809 3679 2168 3738 recederent.
2259 3685 2554 3752 Decimae,
2595 3686 2694 3740 ob-

582 3766 830 3823 lationes
868 3769 929 3820 et
978 3768 1353 3838 peccatorum
1404 3762 1859 3835 redemptiones,
1898 3761 1962 3816 in
2009 3763 2139 3834 pios
2193 3764 2500 3822 dumtaxat
2549 3785 2693 3824 usus

584 3849 945 3922 expendebat
984 3888 998 3904 .
1043 3888 1056 3903 .
1100 3888 1113 3903 .
1155 3889 1168 3903 .
1246 3846 1653 3916 Comestionis,
1713 3845 2096 3914 dormitionis,
2137 3848 2516 3922 equitationis
2550 3855 2696 3906 tem-

584 3951 746 4007 pora,
810 3933 1025 4005 quibus
1085 3931 1283 3989 studio
1341 3931 1612 4003 nequivit
1670 3931 1965 4000 insistere,
2020 3932 2328 4006 deperdita
2378 3933 2688 4006 judicavit.

585 4017 827 4087 Quoties
875 4016 1134 4074 Bibliam
1184 4034 1353 4073 suam
1406 4015 1639 4090 aperuit
1688 4017 1891 4074 osculo
1943 4015 2271 4076 honoravit.
2362 4017 2695 4076 Commissa

588 4101 703 4159 eibi
762 4102 955 4158 crucis
1012 4100 1310 4174 legatione
1379 4101 1820 4174 procurationes
1881 4120 2186 4160 concessas
2244 4120 2360 4159 non
2419 4104 2691 4176 sumpsit.

587 4186 855 4259 Propriis
891 4185 1202 4258 stipendiis
1238 4189 1441 4243 contra
1490 4202 1715 4242 morem
1766 4185 2066 4244 militavit.
2153 4185 2490 4244 Praedicane
2540 4186 2697 4260 apud

589 4270 891 4339 Oxoniam,
955 4269 1360 4342 Wygorniam,
1426 4267 1822 4340 Gloverniam‚
1886 4271 2106 4328 imbres
2171 4289 2348 4343 super
2411 4271 2694 4345 populum

660 4524 676 4554 ¹
704 4520 976 4590 pulverem]
1012 4522 1200 4588 pulvis,
1220 4522 1284 4572 R.
1309 4521 1379 4572 Η.
1746 4525 1768 4552 ⁵
1801 4521 2114 4588 temporibus]
2152 4521 2527 4588 quaestionibus,
2553 4522 2689 4574 RH.

656 4603 679 4632 ²
708 4603 941 4668 cinam]
979 4602 1127 4663 cinis,
1149 4601 1213 4651 R.
1238 4601 1306 4650 H.
1746 4603 1768 4632 ⁰
1801 4601 1934 4666 cum]
1973 4600 2130 4663 omni,
2153 4601 2218 4652 R,
2239 4601 2310 4652 H.

652 4679 675 4710 ⁸
707 4678 1057 4745 aspormbatur
1090 4679 1115 4744 ]
1188 4679 1586 4744 absportabatur,
1750 4681 1770 4709 ⁷
1802 4680 1930 4745 qua]
1969 4695 2120 4745 quam
2144 4679 2201 4729 in
2223 4679 2340 4732 MS.

591 4757 708 4810 MS.
1749 4759 1770 4789 ⁸
1802 4758 2068 4826 eynmm]
2105 4759 2358 4824 sinuum,
2378 4758 2496 4813 MS.

655 4839 675 4869 ⁴
706 4835 1083 4906 arithmeticam]
1102 4836 1585 4902 arimeticam,MS.
