3519 5734
778 849 908 914 146
1440 859 1635 912 mm
1676 857 1902 911 annis
1943 859 2220 911 ramus

444 1053 596 1134 They
618 1053 704 1103 de·
778 1049 815 1076 ‘⁶
863 1061 993 1128 qua
1058 1042 1333 1129 propter
1398 1036 1868 1104 inobedientiae
1927 1036 2187 1124 culpam
2249 1039 2351 1100 est
2395 1033 2614 1100 Adam
2657 1041 2878 1124 proto-

445 1123 683 1238 ffissbeffi‘g’
784 1149 822 1180 “
867 1139 1166 1232 plastus¹
1257 1143 1517 1229 ejectus.
1630 1140 2105 1208 Paenitentiam
2173 1143 2397 1205 autem
2465 1161 2662 1226 quam
2722 1146 2888 1206 ante

448 1263 623 1333 nature
644 1253 705 1305 of
784 1255 822 1282 “
868 1251 1147 1312 mortem
1220 1246 1333 1311 vel
1408 1245 1482 1310 in
1546 1243 1860 1310 extremis
1929 1243 2350 1330 suscepimus,
2415 1263 2536 1308 nec
2601 1265 2746 1308 eam
2805 1243 2878 1307 in

448 1323 691 1386 pmcne.
782 1356 821 1386 “
864 1349 1013 1414 vita
1056 1348 1442 1438 peregimuS,
1490 1352 1643 1435 post
1700 1343 1921 1412 carnis
1979 1345 2371 1411 solutionem
2415 1345 2490 1410 in
2530 1345 2689 1411 locis
2729 1367 2880 1432 quae
2949 1353 2958 1362 '

784 1459 821 1489 “
870 1451 1102 1518 vidisti
1162 1451 1553 1539 poenalibuS,
1596 1449 1711 1516 alii
1754 1447 2025 1535 majoris
2091 1447 2206 1512 alii
2247 1449 2522 1514 minoris
2565 1448 2879 1536 temporis

780 1563 820 1592 “
866 1554 1082 1642 spatio
1144 1553 1503 1620 secundum
1547 1551 1818 1618 modum
1861 1551 2220 1638 culparum,
2261 1555 2596 1616 tormenta
2636 1551 2878 1616 luendo

788 1666 821 1692 “
867 1654 1413 1744 persolvebamuS.
1504 1654 1751 1722 Omnes
1797 1659 2019 1722 autem
2069 1653 2158 1719 ad
2215 1653 2386 1720 hanc
2425 1654 2718 1740 requiem
2761 1677 2881 1742 per

788 1767 823 1795 “
867 1761 985 1826 illa
1050 1759 1193 1824 loca
1257 1757 1704 1825 transivimus,
1795 1757 2120 1824 SimiJiter
2181 1763 2253 1822 et
2313 1779 2536 1824 omnes
2578 1779 2743 1844 quos
2805 1758 2879 1822 in

786 1870 823 1898 “
869 1861 1147 1950 singulis
1208 1861 1367 1928 locis
1424 1860 1677 1940 vidisti,
1722 1865 1964 1949 praeter
2023 1880 2132 1926 eos
2175 1860 2292 1946 qui
2334 1859 2512 1925 infra
2557 1881 2628 1926 os
2691 1862 2878 1950 putei

782 1975 817 2001 “
866 1966 1269 2043 detinentur,
1334 1967 1681 2052 postquam
1771 1965 2037 2052 purgati
2111 1963 2380 2043 fuerint,
2453 1965 2726 2029 tandem
2793 1965 2878 2032 ad

782 2076 817 2105 ‘⁸
864 2070 1059 2134 istam
1104 2069 1397 2154 requiem
1440 2065 1784 2132 venientes
1829 2066 2283 2134 salvabuntur.
2348 2065 2482 2133 Sed
2511 2071 2580 2131 et
2609 2061 2878 2153 quidam

782 2179 818 2208 “
866 2171 1162 2258 quotidie
1229 2169 1500 2258 purgati
1574 2165 1877 2248 veniunt,
1952 2190 2116 2255 quos
2189 2170 2633 2256 suscipienteS,
2709 2170 2880 2236 sicut

786 2282 823 2312 “
868 2280 939 2340 et
1006 2279 1077 2339 te
1144 2272 1562 2360 suscepimus,
1639 2293 1788 2337 cum
1861 2272 2104 2358 gaudio
2178 2271 2309 2338 huc
2382 2272 2878 2340 introducimus.

787 2389 818 2415 “
866 2377 1114 2444 Eorum
1158 2398 1317 2442 vero
1360 2376 1477 2462 qui
1522 2375 1595 2442 in
1638 2374 1856 2463 poenis
1927 2380 2106 2453 sunt,
2151 2375 2376 2440 nullus
2419 2376 2610 2442 novit
2654 2399 2880 2463 quam·

787 2492 819 2518 “
869 2483 986 2548 diu
1028 2480 1533 2567 torquebuntur.
1624 2478 1752 2544 Per
1809 2477 2043 2543 missas
2086 2483 2332 2560 autem,
2375 2480 2672 2565 psalmos,
2734 2502 2881 2546 ora-

786 2592 820 2622 “
868 2585 1083 2651 tiones
1140 2588 1211 2650 et
1276 2580 1776 2670 eleemosynas?
1843 2580 2102 2668 quoties
2167 2603 2286 2668 pro
2351 2583 2446 2648 eis
2503 2581 2699 2663 fiunt,
2759 2589 2880 2650 aut

782 2695 817 2725 “
864 2709 1089 2754 eorum
1157 2690 1491 2752 tormenta
1552 2685 1950 2772 mitigantur
2031 2689 2152 2750 aut
2213 2685 2290 2750 in
2349 2685 2607 2752 minora
2669 2697 2878 2752 trans-

784 2800 817 2826 “
864 2791 1186 2870 feruntur,
1219 2787 1423 2854 donec
1470 2787 1739 2853 omnino
1784 2807 1901 2875 per
1943 2785 2110 2852 talia
2155 2785 2472 2853 beneficia
2501 2788 2879 2863 liberentur.

784 2902 819 2932 “
866 2895 977 2960 Ad
1019 2893 1196 2959 hunc
1240 2897 1465 2958 autem
1510 2890 1751 2977 quietis
1782 2889 2000 2956 locum
2029 2911 2180 2955 cum
2208 2891 2536 2972 venerint,
2565 2894 2878 2981 quamdiu
2981 2924 2996 2939 ·

783 3007 819 3034 “
862 2998 971 3063 hic
1038 2995 1332 3061 mansuri
1390 2994 1643 3061 fuerint
1706 2993 2029 3059 nesciunt.
2121 2992 2313 3059 Sicut
2370 2996 2548 3061 enim
2607 2996 2680 3062 in
2719 2998 2880 3065 locis

786 3108 822 3137 ‘⁶
866 3100 1237 3189 poenalibus
1303 3096 1662 3165 secundum
1707 3096 2046 3183 culparum
2092 3096 2540 3182 quantitatem
2581 3101 2880 3166 morandi

788 3215 821 3241 ‘⁴
865 3203 1239 3291 percipiunt
1283 3200 1593 3289 spatium,
1634 3199 1737 3264 ita
1796 3202 1866 3265 et
1924 3199 2042 3283 qui
2086 3199 2194 3265 hic
2237 3222 2479 3279 sumus,
2525 3203 2881 3269 secundum

790 3314 822 3341 “
868 3307 1107 3373 merita
1151 3305 1325 3372 bona
1381 3303 1528 3390 plus
1586 3302 1890 3367 minusve
1943 3301 2310 3368 morabitur
2351 3303 2427 3369 in
2469 3304 2600 3371 ista
2641 3307 2882 3392 requie.

786 3416 822 3445 “
870 3410 961 3476 Et
1000 3410 1157 3475 licet
1200 3430 1245 3472 a
1286 3404 1502 3495 poenis
1546 3402 1822 3470 omnino
1865 3402 2062 3469 liberi
2106 3426 2355 3487 eumue,
2403 3407 2489 3473 ad
2533 3428 2881 3495 supernam

788 3522 827 3551 “
874 3518 1251 3579 sanctorum
1292 3507 1600 3575 laetitiam
1642 3505 1942 3571 nondum
2001 3507 2345 3573 ascendere
2399 3508 2584 3597 digni
2641 3532 2882 3579 sumus.

789 3626 821 3652 “
871 3617 1034 3682 Ecce
1076 3612 1185 3679 hic
1213 3618 1291 3678 ut
1334 3610 1520 3677 vides
1548 3610 1623 3676 in
1649 3630 1892 3697 magna
1933 3608 2160 3695 requie
2203 3631 2446 3690 sumus,
2477 3617 2546 3679 et
2573 3618 2722 3701 post,
2751 3619 2882 3680 tgr-

789 3728 823 3758 “
869 3721 1123 3783 minum
1168 3714 1441 3802 singulis
1484 3713 1924 3780 constitutum
1967 3712 2040 3777 in
2081 3712 2396 3799 majorem
2440 3716 2884 3785 transibimus.

789 3827 822 3858 “
870 3818 1181 3903 Quotidie
1248 3817 1424 3887 enim
1466 3818 1743 3883 societas
1809 3814 2289 3903 quodammodo
2349 3819 2579 3885 crescit
2643 3824 2712 3885 et
2771 3821 2886 3887 de-

791 3932 826 3961 “
872 3922 1116 4000 crescit,
1161 3920 1322 3988 dum
1364 3920 1642 4007 singulis
1684 3918 1917 3985 diebus
1961 3923 2030 3984 et
2087 3941 2129 3985 a
2157 3920 2374 4007 poenis
2417 3922 2506 3987 ad
2549 3944 2687 4001 nos,
2732 3927 2801 3988 et
2843 3946 2885 3988 a

791 4036 825 4065 “
872 4026 1063 4093 nobis
1092 4024 1167 4091 in
1196 4024 1526 4092 coelestem
1554 4020 1933 4110 paradisum
1961 4020 2382 4090 ascendunt.”
2473 4023 2630 4091 Hiis
2673 4025 2882 4105 dictis,

790 4132 1197 4197 assumentes
1238 4125 1521 4193 militem
1564 4146 1784 4191 secum
1827 4125 1900 4189 in
1943 4130 2238 4191 montem
2281 4148 2506 4207 unum,
2541 4128 2884 4214 jusserunt

794 4240 871 4299 ut
916 4254 1177 4298 sursum
1221 4228 1545 4317 aspiciens
1591 4227 1839 4293 diceret
1882 4226 2249 4313 cujusmodi
2310 4230 2542 4296 coloris
2583 4232 2642 4296 ei
2687 4253 2886 4319 supra

793 4357 863 4401 se
936 4334 1173 4401 coelum
1240 4332 1595 4398 videretur.
1716 4327 1974 4410 Quibus
2049 4329 2159 4395 ille
2225 4334 2580 4419 respondit,
2648 4339 2683 4369 “
2700 4335 2886 4399 Auro

796 4444 835 4474 “
879 4434 1045 4502 mihi
1112 4434 1324 4500 simile
1341 4433 1369 4472 ³
1426 4432 1696 4501 videtur
1754 4432 2018 4499 ardenti
2077 4433 2151 4499 in
2193 4433 2506 4503 fornace.”
2598 4442 2631 4474 “
2663 4435 2885 4517 Haec‚”

862 4697 879 4727 ¹
898 4691 1253 4760 protoplastus]
1279 4690 1663 4757 prothoplastus,
1676 4692 1790 4744 MS.
1958 4694 1979 4724 ⁸
2009 4692 2188 4760 simile]
2229 4694 2460 4757 similem,
2485 4694 2600 4747 MS.

860 4778 881 4806 ²
914 4772 1253 4839 eleemosynas]
1292 4772 1602 4833 elemosinas,
1624 4772 1739 4824 MS.
