3519 5734
1175 834 1521 885 moninus
1566 836 1786 885 ABBAS
1831 838 2182 889 snprmus.
2591 830 2718 892 423

627 1006 925 1077 onerati.¹
1022 1010 1200 1091 Quos
1262 1010 1350 1075 xl.
1415 1010 1659 1077 solidos
1722 1034 1976 1078 annuos
2043 1012 2206 1077 dicti
2252 1012 2598 1099 Raynerus
2649 1016 2720 1077 et
2745 1032 2881 1082 Λα).
2912 1038 3033 1083 1221

624 1111 953 1179 Robertus
1030 1119 1180 1201 post
1248 1114 1637 1180 decennium
1712 1114 1906 1179 nobis
1962 1114 2405 1204 remiserunt.¹
2540 1113 2716 1181 Prae-
2741 1105 2924 1151 ‘¹²³⁵

622 1214 881 1301 scriptae
924 1222 1145 1283 autem
1193 1217 1479 1303 quinque
1523 1217 1788 1283 bovatae
1836 1224 2048 1297 terrae,
2095 1240 2256 1303 quas
2288 1218 2504 1283 dietus
2551 1216 2720 1281 Wil-

621 1316 853 1383 lelmus
916 1319 997 1385 de
1065 1320 1260 1385 Ruda
1303 1320 1519 1385 senior
1566 1320 1752 1385 dedit
1817 1320 2071 1385 Simoni
2133 1322 2270 1386 filio
2334 1343 2453 1386 suo
2503 1324 2590 1399 20,
2637 1326 2718 1386 ut

619 1420 985 1505 praefertur,
1016 1442 1133 1509 pro
1179 1444 1255 1487 eo
1300 1421 1476 1508 quod
1526 1422 1667 1508 ipse
1714 1422 1944 1488 Simon
1989 1418 2128 1489 sine
2173 1423 2411 1489 herede
2465 1425 2546 1490 de
2577 1446 2716 1489 eor-

619 1543 776 1607 pore
827 1544 946 1589 suo
1013 1527 1349 1611 procreato
1408 1524 1780 1604 decedebat,
1837 1526 1923 1590 ad
1971 1524 2380 1591 Willelmum
2446 1526 2716 1591 fratrem

618 1646 809 1690 suum
854 1627 1322 1713 praescriptum,
1370 1626 1883 1714 primogenitum
1919 1628 2082 1693 dicti
2129 1626 2446 1692 WiHelmi
2496 1628 2710 1715 primi,

616 1733 935 1815 tanquam
979 1730 1065 1795 ad
1085 1728 1109 1766 ²
1155 1729 1457 1794 heredem
1504 1730 1882 1817 proximum
1938 1730 2438 1797 descendebant.
2531 1730 2714 1810 Quas

614 1829 754 1915 ipse
799 1830 1170 1897 Willelmus
1230 1830 1460 1917 junior
1506 1853 1652 1897 cum
1699 1852 1770 1897 se
1831 1833 1974 1918 ipso
2028 1832 2221 1898 nobis
2275 1838 2503 1919 postea
2562 1854 2712 1898 con·

614 1932 819 2013 tulit;
881 1932 1052 2001 sicut
1119 1934 1192 1997 in
1252 1939 1547 2021 tempore
1613 1934 1955 2001 Michaelis
2027 1933 2290 2000 abbatis
2357 1940 2398 2000 8
2479 1934 2712 2001 refere-

619 2040 745 2101 tur.

704 2353 817 2420 VI.
864 2353 963 2421 De
1007 2353 1209 2421 terris
1252 2360 1313 2420 et
1354 2353 1749 2419 tommentis
1765 2350 1792 2388 ³
1825 2352 1913 2419 ‘im
1957 2353 2216 2431 Setona,
2261 2352 2622 2439 Eryho‘ma,

1060 2455 1535 2543 Dodqutona,
1580 2455 1852 2542 Beforth
1897 2462 1957 2523 et
2003 2456 2221 2522 Mora.

698 2626 1033 2692 Arnaldus
1096 2627 1274 2692 filius
1336 2625 1654 2691 Willelmi
1717 2625 1800 2691 de
1863 2624 2168 2711 AreynS,⁴
2237 2626 2320 2692 de
2367 2648 2500 2713 quo
2542 2649 2708 2713 prae-
2737 2642 2936 2697 Setona.

610 2730 837 2811 fertur,
914 2730 1169 2795 remisit
1241 2728 1431 2796 nobis
1490 2750 1611 2817 per
1682 2729 1878 2793 finem
1945 2732 2080 2794 tres
2154 2730 2435 2795 bovatas
2495 2735 2711 2810 terrae,

612 2854 776 2919 quas
844 2828 1217 2906 Willehnus
1282 2838 1473 2918 pater
1540 2854 1695 2898 suus
1758 2831 1945 2897 dedit
1967 2832 1991 2870 ⁵
2063 2831 2254 2897 nobis
2313 2832 2384 2897 in
2447 2832 2708 2900 Setona.
2734 2846 2770 2897 f.
2797 2852 2878 2898 50.

612 2936 993 3022 Alanusque
1054 2936 1230 3001 filius
1290 2935 1608 3001 Willelmi
1669 2936 1750 3000 de
1812 2935 2062 3000 Setona
2120 2935 2305 3000 dedit
2366 2936 2574 3015 nobie,
2623 2937 2710 3001 ad
2732 2925 2975 3045 ἓξὲξ

612 3039 1091 3124 eleemosynam
1139 3041 1352 3126 portae
1418 3037 1943 3115 sustentandam,
2014 3059 2320 3130 annuum·
2369 3038 2707 3114 redditum
2734 3061 2860 3112 alm
2883 3069 2936 3112 at
2958 3062 3044 3113 the

611 3146 896 3228 quatuor
940 3141 1359 3205 denariorum
1428 3139 1511 3205 de
1578 3161 1710 3204 uno
1773 3140 1946 3210 tofto
2013 3139 2086 3208 in
2150 3140 2392 3205 cadem.
2483 3141 2710 3226 Atque
2733 3136 2865 3192 ἕω·

609 3231 825 3310 dictus
900 3242 1220 3308 Ricardus
1294 3242 1498 3307 abbas
1560 3239 1662 3311 '7¹¹⁸
1723 3241 1909 3306 dedit
1985 3241 2127 3328 [ad]
2203 3242 2377 3306 feodi
2452 3242 2708 3308 firmam

608 3346 859 3433 Agneti
902 3346 1058 3412 filiae
1104 3346 1267 3410 dicti
1313 3343 1545 3424 Alani·
1583 3365 1788 3411 unum
1837 3344 2084 3409 toftum
2131 3348 2201 3410 et
2245 3367 2451 3410 unam
2494 3366 2712 3410 acram

608 3455 825 3528 terrae,
871 3454 951 3512 ut
994 3447 1142 3534 ipsa
1184 3447 1490 3514 redderet
1556 3445 1748 3512 nobis
1817 3447 1930 3510 xii.
2001 3447 2306 3512 denarios
2346 3449 2708 3514 annuatim.

610 3551 774 3632 Quae
837 3550 1085 3616 toftum
1153 3554 1222 3616 et
1282 3572 1501 3614 acram
1590 3555 1786 3615 terrae
1853 3548 2256 3614 Willelmus·
2299 3550 2476 3616 filius
2549 3572 2708 3616 suus

606 3653 798 3719 nobis
840 3657 1067 3741 postea
1131 3652 1492 3718 relaxabat.
1600 3652 1966 3738 Petrusque
2028 3652 2204 3718 filius
2250 3652 2297 3717 J
2299 3653 2577 3719 ohannis
2623 3654 2706 3719 de
2731 3659 3002 3724 Frghoma.

608 3757 818 3822 Melea
860 3755 1152 3820 reddidit
1196 3754 1387 3821 nobis
1449 3757 1663 3819 totam
1717 3761 2092 3820 carucatam
2137 3763 2334 3820 terrae
2379 3778 2528 3820 eum
2587 3778 2705 3821 sex

604 3859 812 3937 tostis,
860 3863 930 3923 et
990 3856 1338 3922 servitium
1404 3859 1445 3922 2
1507 3856 1905 3921 bovatarum
1974 3855 2184 3935 terrae,
2232 3857 2306 3920 in
2351 3857 2700 3945 Erghoma,

603 3984 752 4048 quae
798 3960 1064 4025 domino
1112 3959 1435 4025 Nicholao
1482 3959 1563 4024 de
1596 3958 1980 4044 Stutevylla
2023 3959 2096 4023 in
2141 3959 2538 4024 escambium
2583 3975 2702 4046 pro

600 4070 746 4129 toto
792 4063 1059 4149 capitali
1106 4061 1399 4128 dominio
1444 4083 1562 4126 suo
1609 4061 1681 4124 in
1727 4061 2034 4147 Skyrena
2063 4061 2247 4146 prius
2292 4047 2728 4143 dederamuss

599 4172 681 4232 ut
725 4165 1083 4253 praefertur.
1176 4163 1268 4229 Et
1336 4163 1668 4229 Walterus
1734 4162 1913 4228 filius
1979 4161 2262 4228 Galfridi
2325 4163 2406 4228 de
2472 4163 2698 4251 Aseby
2721 4153 2973 4273 {gx-5¹¹8-

648 4435 685 4466 ·¹
718 4451 836 4498 quoe
870 4470 883 4485 .
919 4469 933 4483 .
969 4469 982 4482 .
1017 4431 1326 4496 remiserunt]
1366 4431 1468 4482 Sed
1488 4446 1604 4482 cum
1757 4432 1779 4462 ²
1811 4430 1962 4480 Aaer
1982 4429 2052 4478 ad
2071 4429 2229 4481 insert
2249 4430 2470 4494 stan-em,
2494 4432 2553 4482 P·

599 4513 734 4578 ipsos
790 4519 857 4562 40
902 4510 1109 4574 solidoe,
1152 4510 1363 4571 scilicet,
1402 4526 1492 4575 per
1542 4516 1603 4560 10
1758 4513 1779 4541 ³
1803 4511 1947 4559 terrie
1968 4517 2014 4558 et
2037 4510 2337 4575 tenementis]
2363 4511 2696 4574 acquisitione

603 4607 761 4644 annos
782 4597 835 4642 et
856 4591 1070 4656 amplius
1090 4590 1444 4654 percepissent,
1467 4591 1603 4654 ipsos
1692 4595 1936 4639 terrarum
1961 4597 2012 4638 et
2033 4597 2446 4651 tenementorum,
2468 4590 2527 4639 P.

599 4679 665 4723 ⁴0
699 4671 887 4723 solidos
923 4671 1071 4720 nobis
1114 4671 1481 4735 imperpetuum
1522 4685 1603 4720 re-
1761 4671 1776 4698 ⁴
1811 4669 2031 4734 Areyns]
2072 4670 2318 4733 ArreJnS,
2341 4669 2399 4718 P.
2507 4699 2512 4704 -

598 4753 873 4810 mittebant,
898 4750 973 4804 Ρ..
1763 4749 1782 4777 ³
1812 4748 1969 4814 dedit]
2009 4750 2227 4810 dederat,
2257 4749 2334 4798 P:
