3519 5734
822 824 955 889 434
1371 837 1721 891 monn-nus
1767 838 1981 889 Asius
2027 839 2380 891 snrrmus.

492 1016 785 1068 A.D.121⁷
824 1036 941 1081 esu
986 1013 1281 1079 carnium
1345 1014 1439 1080 sic
1496 1015 1895 1098 frustratum
1955 1038 2103 1082 cum
2147 1016 2322 1083 inter
2363 1036 2484 1081 nos
2543 1018 2718 1101 ipsos
2777 1036 2926 1080 con-

493 1086 676 1135 '¹²²⁷
826 1117 1109 1183 suetudo
1167 1116 1449 1183 inolevit
1500 1118 1679 1204 quod
1734 1140 1874 1199 nos,
1935 1140 2118 1185 more
2174 1118 2604 1197 saecularium,
2666 1117 2750 1183 ab
2811 1138 2924 1182 esu

825 1220 1125 1284 carnium
1168 1219 1443 1285 minime
1484 1224 1988 1307 sequestremne,
2031 1221 2166 1287 illis
2209 1221 2446 1288 saltem
2505 1219 2736 1286 diebus
2778 1220 2924 1306 qui-

825 1322 951 1387 bus
994 1321 1125 1409 ipsi
1169 1322 1526 1389 earundem
1572 1324 1968 1390 comestione
2033 1324 2212 1391 licite
2275 1324 2721 1411 perfruuntur,
2791 1321 2930 1389 Ad-

829 1429 1043 1491 ventu
1088 1422 1361 1491 Domini
1405 1431 1474 1491 et
1506 1424 2010 1514 septuagesima
2053 1426 2416 1493 dumtaxat
2443 1426 2749 1515 exceptis.
2841 1424 2932 1489 Et

832 1549 919 1593 ne
962 1527 1361 1593 auctoritate
1404 1528 1784 1595 litterarum
1829 1528 2338 1615 apostolicarum
2385 1530 2466 1595 de
2511 1531 2721 1597 causis
2763 1550 2934 1595 com-

835 1631 1226 1747 pelleremur
1255 1651 1639 1719 cognoscere
1684 1630 2120 1717 litigantium,
2151 1632 2262 1697 vel
2304 1633 2485 1699 ultra
2529 1633 2694 1699 duas
2723 1630 2932 1697 dietas

836 1757 877 1798 a
919 1733 1205 1820 propriis
1247 1732 1663 1799 monasteriis
1708 1732 1886 1799 trahi
1929 1754 2273 1820 possemus
2316 1732 2392 1799 in
2435 1756 2718 1815 causam,
2746 1732 2933 1799 nobis

836 1840 907 1902 et
950 1836 1278 1901 universis
1337 1835 1695 1902 abbatibus
1738 1839 1810 1901 et
1861 1835 2181 1902 fratribus
2241 1838 2456 1903 nostri
2525 1837 2774 1905 ordinis
2817 1857 2931 1922 per

836 1959 1114 2027 regnum
1158 1936 1424 2024 Angliae
1467 1938 1853 2004 constitutis
1912 1938 2310 2005 concedebat
2337 1964 2354 2021 3
2421 1939 2553 2005 nisi
2597 1940 2768 2006 forte
2811 1938 2930 2003 im-

839 2045 1117 2128 petratae
1146 2062 1189 2105 a
1232 2040 1382 2106 sede
1404 2041 1774 2127 apostolica
1801 2040 2048 2108 litterae
2093 2041 2358 2128 plenam
2390 2042 2474 2108 de
2503 2041 2932 2129 indulgentiis

838 2142 952 2229 huj
960 2143 1217 2209 usmodi
1260 2142 1533 2209 fecerint
1578 2144 2004 2210 mentionem.
2088 2144 2316 2230 Atque
2362 2144 2636 2231 praefato
2666 2144 2935 2210 concilio
3205 2182 3250 2209 2-

841 2245 1272 2311 Lateranensi
1314 2245 1663 2311 inhibebat
1711 2250 1791 2311 ut
1835 2246 2061 2311 nullus
2124 2269 2166 2311 a
2211 2247 2402 2313 nobis
2462 2247 2546 2313 de
2588 2246 2934 2313 novalibus

838 2372 881 2414 a
946 2354 1242 2437 tempore
1306 2347 1613 2435 praedicti
1677 2348 1940 2416 concilii
2005 2349 2306 2428 excultis,
2362 2350 2472 2417 vel
2531 2350 2935 2436 inposterum

838 2451 1122 2539 propriis
1188 2451 1496 2517 manibus
1568 2457 1689 2517 aut
1765 2452 2146 2539 sumptibus
2221 2452 2612 2532 excolendis,
2679 2452 2788 2517 vel
2859 2451 2939 2517 de

840 2556 1035 2621 terris
1078 2554 1324 2621 nostris
1367 2559 1527 2621 ante
1568 2553 1925 2641 praefatum
1970 2556 2322 2621 concilium
2373 2556 2730 2643 acquisitis,
2775 2576 2934 2641 quas

839 2663 997 2725 ante
1070 2658 1325 2724 dictum
1386 2657 1739 2727 concilium
1816 2657 1968 2723 aliis
2031 2658 2462 2727 concessimus
2529 2657 2934 2737 excolendas,

852 2784 1001 2849 quae
1064 2763 1216 2847 post
1294 2760 1547 2825 dictum
1620 2759 1970 2827 concilium
2044 2761 2132 2827 ad
2205 2782 2439 2828 manus
2511 2766 2772 2827 nostras
2847 2761 2936 2825 sic

840 2886 1158 2932 concessae
1235 2862 1591 2942 redierunt,
1668 2862 1953 2930 decimas
2027 2863 2295 2952 exigere
2376 2864 2486 2930 vel
2558 2863 2942 2952 aliqualiter

839 2971 1265 3055 praesumeret
1339 2971 1746 3052 extorquere.
1863 2966 2164 3034 Praelatis
2244 2967 2512 3054 insuper
2601 2965 2931 3034 universis

840 3070 1266 3158 injungendO,
1315 3074 1643 3155 quatenus
1709 3068 2065 3156 privilegia
2108 3075 2177 3136 et
2239 3068 2696 3157 indulgentias
2745 3069 2936 3135 nobis

843 3195 886 3240 a
928 3174 1079 3240 sede
1124 3172 1486 3260 apostolica
1550 3172 1733 3258 prius
1795 3193 2131 3238 concessas
2199 3172 2682 3238 inviolabiliter
2724 3173 2942 3238 obser-

510 3277 643 3330 Acts
665 3281 728 3360 οι·
844 3280 1084 3342 varent
1129 3281 1199 3342 et
1242 3275 1328 3341 ab
1373 3275 1521 3340 aliis
1566 3274 1858 3342 facerent
1902 3273 2252 3340 observari.
2340 3274 2472 3340 Hic
2517 3281 2740 3342 autem
2769 3295 2936 3362 papa

508 3346 769 3465 II-Iffnonus
849 3378 1189 3445 Honorius
1236 3381 1276 3444 3
1322 3377 1599 3442 Petrum
1643 3376 2289 3442 Autissiodorensem
2333 3377 2640 3442 comitem
2693 3377 2768 3442 in
2817 3377 2936 3440 im-

846 3484 1219 3567 peratorem
1298 3478 2115 3566 Constantinopolitanum
2205 3479 2566 3560 coronavit,
2645 3478 2942 3545 Frederi·

846 3602 1127 3668 cumque
1184 3584 1225 3646 2
1287 3580 1363 3646 ιιι
1424 3582 1890 3667 imperatorem
1955 3580 2466 3648 Alemannicum
2539 3581 2942 3646 sublimavit.

846 3685 981 3750 Hic
1046 3688 1271 3750 autem
1316 3682 1704 3750 Fredericus
1749 3685 1835 3750 ab
1879 3681 2168 3748 infantia
2226 3705 2345 3800 per
2411 3683 2750 3750 ecclesiam
2795 3689 2942 3750 tan-
2967 3693 3031 3746 R.
3053 3695 3282 3762 Higden,

844 3808 1045 3874 quam
1087 3808 1205 3874 per
1246 3792 1527 3854 matrem
1572 3787 1904 3864 educatus,
1967 3787 2083 3852 sed
2141 3786 2230 3852 ad
2287 3786 2548 3873 imperii
2609 3785 2942 3874 fastigium
2967 3762 3068 3814 ⁰⁰¹·
3091 3769 3244 3818 ²⁴¹⁶·

846 3891 1099 3956 Octone
1160 3889 1476 3956 damnato
1552 3894 1913 3975 promotus,
1981 3888 2322 3956 ecclesiam
2383 3888 2514 3954 Dei
2575 3911 2708 3956 non
2777 3888 2944 3956 fovit

842 3996 1165 4077 tanquam
1240 3994 1541 4072 matrem,
1602 3992 1719 4058 sed
1792 3996 2114 4078 tanquam
2189 4012 2539 4060 novercam
2614 3997 2940 4079 quantum

843 4093 1067 4180 potuit
1139 4093 1441 4160 laniavit.
1550 4093 1832 4180 Propter
1905 4093 2084 4180 quod
2159 4095 2299 4181 ipse
2368 4094 2706 4162 Honorius
2771 4116 2942 4184 papa

843 4197 1064 4284 ipsum
1107 4195 1239 4260 sibi
1280 4195 1591 4262 rebellem
1659 4199 1729 4261 et
1790 4195 2079 4264 ecclesiae
2127 4196 2444 4266 Romanae
2488 4197 2938 4264 adversarium

845 4298 1248 4386 comperiens
1310 4296 1922 4376 anathematizavit,
1971 4303 2043 4364 et
2087 4321 2314 4366 omnes
2357 4300 2643 4367 barones
2693 4323 2736 4366 a
2777 4299 2941 4366 fide-

508 4409 651 4474 Pope
674 4409 803 4464 Gre-
842 4401 1035 4468 litate
1096 4401 1239 4486 ejus
1304 4399 1609 4466 absolvit.
1716 4399 1993 4479 Deinde,
2040 4423 2192 4466 cum
2259 4402 2596 4468 Honorius
2655 4402 2931 4468 sedisset

508 4492 637 4542 80¹7
658 4477 758 4528 Ix.
840 4502 1032 4570 annis
1080 4505 1165 4568 10
1211 4506 1283 4569 et
1326 4501 1660 4568 mensibus
1706 4507 1766 4579 8,
1815 4503 2023 4585 obiit3
2094 4504 2201 4569 cui
2261 4504 2618 4592 Gregorius
2673 4507 2714 4572 9
2761 4525 2931 4591 papa

839 4606 1239 4674 succedebat.
1324 4605 1454 4672 Hic
1482 4606 1713 4672 Reatae
1741 4604 2014 4673 beatum
2045 4605 2485 4690 Dominicum,
2516 4607 2932 4674 inventorem

840 4716 911 4777 et
952 4711 1343 4798 magistrum
1388 4709 1638 4775 ordinis
1670 4709 2208 4792 Praedicatorum‚
2241 4709 2562 4778 Bononiae
2606 4710 2938 4798 sepultum

840 4818 910 4880 et
960 4813 1292 4881 miraculis
1336 4813 1702 4880 innumeris
1765 4817 2230 4894 coruscantem,
2275 4813 2699 4881 canonizavit
2761 4831 2935 4880 anno
