3519 5734
883 792 1016 858 346
1293 747 1300 756 ⁸
1403 807 1829 861 amona
1876 808 2091 860 sams
2132 807 2469 872 Qum-rus.

545 991 682 1046 Aa).
712 995 839 1046 1199
881 981 1098 1048 eidem
1141 981 1284 1070 regi
1325 982 1636 1050 exhibere
1697 1004 1835 1048 non
1900 982 2243 1062 auderent,
2284 1005 2407 1050 rex
2464 983 2647 1051 ultra
2707 984 2973 1052 modum

545 1066 726 1113 ‘¹²¹⁶‘
881 1088 1264 1162 commotus,
1309 1089 1460 1172 post
1502 1085 1793 1152 reditum
1848 1107 2041 1152 suum
2084 1087 2159 1151 in
2202 1086 2534 1173 Angliam,
2578 1087 2974 1153 monasteria

877 1186 1130 1252 ordinis
1191 1189 1404 1253 nostri
1463 1188 1564 1254 ita
1625 1187 1942 1254 acerrime
1987 1188 2393 1276 angustabat
2436 1193 2515 1254 ut
2558 1189 2863 1254 monachi
2905 1195 2972 1255 et

701 1293 714 1307 '
829 1365 838 1376 ,
877 1289 1174 1356 conversi
1235 1290 1302 1354 in
1376 1291 1471 1355 eis
1529 1297 2010 1358 commorantes
2055 1313 2187 1378 quo
2232 1313 2303 1358 se
2346 1292 2721 1358 refoverent
2762 1292 2972 1358 diver·

879 1392 1126 1457 sorium
1169 1392 1243 1456 in
1291 1393 1387 1458 eis
1430 1392 1552 1460 vix
1599 1393 1935 1460 haberent.
2026 1394 2206 1459 Nam
2252 1394 2334 1461 de
2377 1393 2673 1481 quolibet
2717 1415 2970 1460 monas-

879 1493 1046 1560 terio
1092 1493 1348 1560 ordinis
1394 1496 1608 1561 nostri
1652 1496 1727 1560 in
1773 1496 2025 1582 Anglia
2082 1502 2343 1562 tantam
2386 1497 2737 1584 pecuniam
2778 1519 2969 1584 exag-

873 1598 1147 1683 gerabat
1211 1598 1392 1684 quod
1457 1619 1717 1662 summa
1784 1597 1965 1663 illius
2012 1602 2255 1675 30,000
2302 1620 2552 1664 marcas
2596 1599 2967 1664 excedebat.

541 1709 677 1761 Ruin
701 1711 764 1762 of
876 1700 990 1765 Ita
1035 1700 1211 1785 quod
1273 1721 1570 1787 personae
1633 1700 1975 1766 nonnullae
2020 1699 2233 1766 nostri
2276 1699 2529 1766 ordinis
2571 1701 2969 1767 monasteria

540 1793 736 1898 ζζᾞζι
875 1823 996 1867 sua
1061 1801 1363 1868 totaliter
1425 1801 1841 1887 reliquerunt
1907 1807 1978 1868 et
2039 1802 2113 1867 in
2176 1801 2484 1868 domibus
2544 1802 2781 1869 alienae
2824 1802 2969 1868 reli-

873 1903 1088 1990 gionis
1155 1907 1436 1991 receptae
1500 1903 1793 1981 fuerunt,
1855 1903 1941 1969 ad
2003 1910 2265 1990 tempus
2310 1911 2825 1982 commoraturus,
2899 1909 2967 1970 et

733 2003 740 2010 ’
873 2006 1292 2093 quamplures
1367 2006 1797 2072 societatibus
1870 2005 2183 2073 adunatis
2254 2007 2468 2072 maria
2550 2007 2967 2072 transierunt.

537 2121 592 2171 A
614 2122 760 2174 thou·
874 2108 984 2174 Ad
1031 2130 1234 2194 quam
1275 2129 1601 2174 summam
1663 2129 1786 2174 nos
1845 2107 2028 2174 mille
2087 2129 2337 2174 marcas
2396 2130 2483 2174 ex
2539 2109 2799 2196 integro
2842 2109 2969 2174 sol-

513 2190 664 2319 ssff
675 2190 850 2322 ἔξω*
877 2211 1208 2276 vebamus.
1301 2209 1502 2276 Unde
1565 2210 1989 2298 praescriptus
2030 2210 2417 2277 Alexander
2480 2210 2685 2277 abbas
2750 2216 2969 2276 noster

535 2323 728 2374 Meaux
874 2314 960 2379 ab
1028 2312 1240 2379 officio
1308 2333 1426 2378 suo
1497 2317 1578 2378 ut
1647 2312 1998 2399 praefertur
2064 2311 2290 2378 cedere
2366 2310 2777 2378 deliberavit.
2866 2311 2967 2377 De

535 2391 713 2456 abbey.
870 2415 1004 2482 hiis
1069 2436 1228 2482 vero
1290 2437 1442 2502 quae
1509 2414 1692 2481 istud
1752 2413 2227 2480 monasterium
2285 2419 2587 2480 nostrum
2630 2412 2714 2479 de
2757 2413 2969 2478 Melsa

874 2518 1136 2606 [subiit]
1207 2517 1379 2584 circa
1447 2517 1861 2584 exactionem
1908 2517 2197 2604 ipsarum
2242 2516 2425 2582 mille
2466 2537 2850 2593 marcarum,
2896 2520 2967 2581 et

867 2622 1156 2688 cessione
1217 2619 1484 2688 abbatis
1549 2619 1764 2686 nostri
1822 2618 2213 2697 Alexandri,
2255 2617 2706 2706 praescribitur
2768 2617 2963 2706 paulo

867 2730 1044 2790 ante.

867 3162 1024 3229 CAP.
1060 3160 1322 3228 XXIII.
1370 3160 1470 3228 De
1500 3156 1921 3227 libertatibm
1948 3158 2361 3228 monasterio
2388 3167 2617 3229 nostro
2645 3162 2959 3230 concessis

1478 3284 1609 3351 per
1649 3284 1871 3347 reyem
1914 3260 1975 3329 J
1969 3260 2327 3330 ohannem
2366 3270 2369 3274 ’

531 3444 807 3525 qonfirma-
954 3444 1084 3509 Hic
1128 3448 1352 3509 autem
1397 3464 1513 3507 rex
1561 3442 1608 3507 J
1611 3441 1919 3519 ohannes,
1966 3440 2121 3507 dum
2193 3441 2407 3508 adhuc
2468 3444 2613 3528 paci
2680 3443 2953 3509 eccleeiae

525 3516 820 3714 ffisskhn
863 3546 1354 3663 aliquantulum
1413 3544 1872 3713 cozgaudesset,
1892 3543 2235 3711 succepti}
2260 3566 2303 3609 a
2332 3544 2535 3712 {²ssss
2581 3549 2675 3713 ξ
2712 3544 2953 3713 ιῗτοίε,

825 3669 1038 3713 -anno
1103 3668 1292 3734 regm
1357 3669 1460 3713 sul
1553 3696 1569 3725 ,
1617 3667 1736 3711 con
1790 3668 1889 3709 rm
1933 3668 2005 3710 vl
2080 3668 2168 3713 no
2216 3668 2274 3711 is
2364 3669 2403 3713 o
2476 3669 2543 3711 m
2676 3670 2759 3733 ag
2804 3668 2947 3711 nam

730 3757 737 3764 ’
860 3772 1006 3817 cum
1077 3750 1346 3817 ecelesia
1412 3748 1708 3835 ejusdem
1777 3748 1975 3826 villae,
2032 3770 2181 3814 cum
2243 3748 2549 3815 omnibus
2608 3748 2757 3815 aliis
2812 3770 2947 3835 per-

863 3853 1166 3919 tinentiis
1240 3852 1394 3929 suis,
1463 3857 1603 3916 tam
1667 3854 1881 3917 terras
1956 3849 2206 3915 ibidem
2282 3849 2365 3915 de
2436 3850 2628 3919 feodo
2700 3850 2949 3917 comitis

859 3953 1290 4021 Albemarliae
1358 3974 1558 4039 quam
1621 3956 1834 4018 terras
1892 3972 2055 4037 quas
2100 3952 2633 4045 recuperavimus
2676 3952 2759 4018 de
2804 3951 2953 4018 Gal-

855 4058 1029 4124 frido
1106 4056 1505 4123 Ebot-acensi
1580 4054 2089 4141 archiepiscopo,
2166 4077 2282 4142 per
2368 4055 2704 4121 licentiam
2770 4076 2947 4121 suam

856 4161 1106 4247 regiam
1179 4160 1253 4225 in
1341 4158 1527 4225 curia
1603 4155 2158 4239 Christianitatis,
2235 4164 2314 4223 ut
2389 4158 2781 4245 praefertur:
2857 4180 2949 4235 ac,

859 4268 1101 4350 praeter
1145 4262 1277 4327 alia
1321 4260 1513 4325 nobis
1558 4258 1742 4345 prius
1787 4280 2091 4325 concessa
2119 4263 2188 4327 et
2216 4260 2623 4342 confirmata²
2646 4260 2951 4348 grangias

858 4369 1120 4431 nostras
1194 4364 1276 4429 de
1339 4362 1674 4449 Saltaghe,
1742 4362 2300 4449 Tharlesthorpia,
2364 4362 2663 4449 Mytona‚
2741 4364 2946 4443 Mora,

861 4466 1148 4544 Oktona,
1197 4463 1606 4543 Wharroma,
1655 4456 2219 4542 Blaunchemarle,
2252 4464 2578 4551 Skyrena,
2620 4465 2951 4552 Erghoma

859 4575 927 4635 et
976 4567 1369 4655 Hayholr'no‚
1413 4565 1754 4654 piscariam
1802 4572 1873 4632 et
1916 4567 2279 4633 vaccariam
2322 4589 2519 4655 super
2564 4567 2773 4633 Hullo
2800 4588 2947 4633 cum

857 4672 1194 4758 adjacente
1256 4668 1535 4755 marisco
1603 4668 1684 4734 de
1731 4667 2041 4749 Suttona,
2066 4692 2313 4737 omnes
2375 4669 2577 4736 etiam
2625 4674 2834 4735 terras
2878 4676 2950 4735 et
