3519 5734
1258 789 1457 840 nuso
1499 789 1721 842 Annis
1766 792 2088 852 omnive.
2572 785 2700 856 375

611 959 700 1024 ad
751 962 830 1028 15
877 982 1086 1030 annos
1128 963 1320 1031 nobis
1363 965 1620 1031 locavit.
1734 965 1932 1031 Anno
1978 989 2135 1033 vero
2178 975 2511 1056 sequente,
2553 992 2703 1038 cum
2727 984 2864 1038 ΑΛ).
2892 993 3021 1040 1210

583 1081 860 1144 ·omnes,
915 1065 1032 1151 qui
1086 1087 1241 1154 erga
1300 1067 1348 1133 J
1350 1067 1575 1135 udaeos
1641 1067 2084 1154 qualicunque
2147 1069 2371 1138 debito
2424 1072 2703 1160 obligati
2725 1058 2909 1106 '¹²²⁰‘

615 1170 823 1246 erant,
878 1166 1045 1256 Regi
1088 1169 1172 1235 de
1215 1169 1361 1257 ipso
1406 1169 1634 1237 debito
1654 1169 1674 1208 ¹
1718 1171 2093 1238 satisfacere
2136 1173 2700 1260 compellerentur,
2726 1179 2887 1231 Grant
2906 1183 2967 1232 of

2722 1247 2841 1296 land
2862 1247 2993 1300 from

613 1267 970 1353 praedictus
1033 1271 1336 1355 Thomas,
1420 1295 1540 1360 pro
1602 1273 1761 1338 ccxl.
1830 1274 2069 1341 marcis
2132 1296 2251 1362 per
2310 1276 2427 1342 xii.
2488 1300 2619 1344 ann
2627 1299 2699 1345 os
2724 1312 2948 1366 Thomas

609 1369 975 1452 reddendis,
1023 1373 1315 1460 quolibet
1358 1374 1605 1442 scilicet
1647 1396 1823 1442 anno
1867 1398 1985 1442 xx.
2031 1377 2286 1456 marcis,
2339 1379 2541 1445 finem
2584 1402 2700 1467 pa·
2724 1379 2787 1430 ‘¹0
2806 1379 2979 1435 Etton.

609 1471 867 1538 cificum
933 1497 1082 1542 cum
1149 1476 1330 1564 Rege
1389 1478 1772 1564 composuit.
1886 1479 2342 1566 Reversusque
2409 1481 2695 1563 domum,

608 1577 990 1661 praedictam
1056 1583 1303 1646 terram
1361 1601 1570 1667 usque
1623 1582 1711 1646 ad
1775 1584 1862 1646 20
1916 1603 2127 1648 annos
2188 1583 2381 1650 nobis
2430 1583 2692 1663 locavit,

605 1677 922 1765 deditque
965 1680 1157 1747 nobis
1198 1681 1685 1770 imperpetuum
1729 1687 1982 1772 septem
2024 1685 2323 1763 bovatas,
2368 1685 2461 1752 lx,
2491 1708 2691 1768 acras,
2724 1702 2758 1756 f.
2776 1709 2841 1754 43
2860 1703 2907 1756 b.

603 1781 914 1860 culturas,
957 1783 1192 1863 clausa,
1239 1784 1510 1862 holmos,
1555 1791 1625 1852 et
1685 1791 2009 1873 pasturas,
2072 1785 2101 1823 ²
2122 1808 2273 1852 cum
2333 1787 2695 1876 piscatione

601 1904 790 1968 aquae
832 1885 915 1950 de
978 1883 1285 1972 Skyrena
1325 1890 1398 1954 et
1441 1886 1588 1978 aliis
1633 1887 2059 1955 libertatibus
2102 1888 2395 1975 ejusdem
2439 1891 2621 1958 viuae
2645 1892 2694 1975 32

603 2006 679 2052 ac
727 1987 918 2054 nobis
969 2010 1040 2054 se
1091 1989 1249 2057 fidei
1308 1990 1815 2077 interpositione
1876 1991 2207 2078 obligavit
2270 1993 2448 2080 quod
2522 2017 2692 2062 nun-

607 2111 807 2176 quam
860 2115 902 2158 a
952 2114 1023 2158 se
1077 2094 1188 2159 vel
1249 2115 1292 2158 a
1333 2093 1560 2160 liberis
1621 2094 2009 2161 tenentibus
2078 2095 2216 2163 suis
2276 2097 2351 2161 in
2424 2095 2695 2184 Skyma

602 2193 846 2280 aliquis
889 2195 1084 2261 homo
1137 2217 1332 2282 super
1383 2218 1506 2261 nos
1572 2196 1647 2260 in
1706 2197 1886 2283 ipsas
1949 2199 2159 2263 terras
2204 2197 2291 2262 ad
2334 2200 2692 2267 terminum

601 2295 709 2360 vel
761 2296 1244 2386 imperpetuum
1287 2297 1819 2365 introduceretur
1870 2298 1980 2365 vel
2033 2297 2367 2366 introduci
2422 2304 2692 2388 permit-

601 2403 872 2480 teretur,
919 2402 1062 2468 sine
1105 2401 1376 2466 consilio
1421 2404 1650 2466 nostro
1705 2403 1775 2466 et
1819 2420 2152 2466 consensu.
2269 2399 2421 2487 Ipse
2466 2409 2692 2470 autem

600 2501 882 2569 Thomas
925 2503 1008 2569 de
1053 2503 1307 2569 Ettona
1349 2501 1626 2588 junior³
1689 2501 1881 2568 dedit
1934 2501 2223 2568 Roberto
2267 2503 2351 2569 de
2397 2503 2693 2574 Oolloma

599 2611 670 2670 et
717 2605 985 2672 Matildi
1026 2604 1222 2670 uxori
1271 2626 1424 2683 suoe,
1469 2604 1676 2670 sorori
1737 2603 1949 2692 ipsius
2009 2603 2297 2687 Thomae,
2345 2606 2689 2674 dimidiam

597 2729 816 2773 acram
871 2712 1085 2787 terrae,
1152 2729 1301 2775 cum
1363 2706 1512 2774 aliis
1578 2706 1859 2773 culturis
1922 2710 1993 2773 et
2046 2707 2213 2773 acris
2267 2711 2464 2776 terrae
2518 2715 2588 2776 et
2644 2715 2687 2778 2

604 2809 810 2889 tostis,
853 2810 1118 2877 ibidem.
1259 2810 1356 2877 At
1417 2809 1546 2898 ipsi
1615 2809 1949 2877 Robertus
2012 2815 2081 2877 et
2148 2809 2449 2879 Matildis
2514 2811 2687 2900 ipsas

591 2918 820 2993 terras,
865 2935 1016 2979 cum
1058 2914 1205 2979 aliis
1245 2913 1440 2979 terris
1504 2934 1668 2999 quas
1717 2913 2000 2979 Thomas
2044 2912 2127 2978 de
2170 2914 2427 2980 Ettona
2468 2917 2687 2983 senior

593 3015 778 3081 dedit
829 3015 924 3082 eis
966 3016 1042 3081 in
1085 3016 1533 3103 maritagium,
1583 3037 1660 3081 ac
1709 3015 1917 3081 etiam
1980 3014 2201 3080 omnia
2244 3038 2394 3101 quae
2436 3016 2687 3085 habue-

591 3124 754 3185 runt
797 3120 870 3185 in
914 3118 1236 3206 Skyrena,
1281 3119 1490 3197 nobis,
1547 3140 1665 3205 pro
1710 3140 1849 3183 una
1891 3116 2067 3183 libra
2119 3117 2367 3205 piperis
2411 3118 2683 3196 Thomae

595 3219 678 3285 de
741 3222 996 3289 Ettona
1047 3221 1297 3308 juniori
1357 3220 1704 3287 annuatim
1769 3212 2123 3298 reddenda,
2190 3220 2681 3308 imperpetuum

588 3325 970 3413 erogabant.
1097 3326 1188 3391 Et
1255 3324 1413 3411 quia
1471 3326 1632 3412 ipsae
1693 3328 1895 3389 terrae
1972 3321 2137 3410 ipsis
2197 3326 2271 3389 et
2330 3323 2682 3393 heredibus

589 3427 722 3493 suis
789 3427 872 3492 de
933 3426 1310 3514 corporibus
1374 3426 1511 3493 suis
1531 3426 1559 3465 ⁴
1609 3426 1971 3514 procreatis
2033 3428 2227 3491 erant
2301 3426 2579 3507 collatae,
2639 3451 2682 3495 a

587 3528 814 3595 liberis
841 3528 869 3565 ⁶
929 3530 1066 3595 suis
1138 3529 1329 3595 nobis
1395 3528 1927 3595 confirmationes
2000 3528 2459 3614 impetrarunt.
2582 3531 2681 3598 At

585 3633 726 3718 ipse
755 3632 1042 3698 Thomas
1060 3630 1287 3717 junior
1330 3632 1590 3697 easdem
1631 3636 1845 3697 terras
1888 3629 2084 3695 nobis
2127 3630 2563 3699 confirmabat
2608 3639 2678 3700 et

583 3735 824 3800 libram
865 3734 1109 3821 piperis
1135 3754 1425 3799 annuam
1468 3732 1827 3801 relaxabat.
1944 3731 2099 3819 Ipse
2142 3732 2347 3799 etiam
2392 3733 2677 3801 Thomas

577 3836 803 3924 junior
863 3836 1051 3903 dedit
1115 3836 1307 3902 nobis
1379 3835 1732 3902 servitium
1805 3833 2005 3901 unius
2072 3838 2397 3901 carucatas
2458 3840 2671 3918 terrae,

585 3962 785 4025 quam
831 3938 1138 4005 Odardus
1179 3938 1384 4004 frater
1439 3936 1642 4004 suus⁶
1685 3936 1979 4003 tenebat.
2091 3934 2299 4023 Cujus
2346 3944 2673 4005 carucatae

579 4042 757 4107 idem
806 4042 1109 4109 Odardus
1153 4041 1338 4107 dedit
1389 4039 1598 4118 nobis,
1627 4061 1779 4105 cum
1808 4028 2077 4126 corpore
2120 4059 2256 4117 su0,
2288 4059 2498 4104 unum
2544 4041 2673 4107 tof-

1412 4236 1549 4243 --..-
1581 4236 1667 4243 ---
1702 4236 1836 4242 ——.-....—

647 4388 662 4416 ¹
698 4386 756 4434 de
777 4423 792 4437 .
821 4424 832 4436 .
859 4422 872 4436 .
899 4424 912 4435 .
937 4422 951 4436 .
974 4383 1159 4450 debito]
1227 4383 1395 4433 edicto
1439 4382 1580 4448 regio
1735 4384 1756 4412 ³
1788 4382 1941 4431 Afler
1966 4380 2140 4446 junior
2162 4378 2333 4440 insert,
2372 4380 2508 4430 filius
2531 4382 2668 4433 Tho-

582 4466 762 4524 vocati,
783 4464 844 4517 P.
1670 4477 1767 4513 mae
1790 4462 1853 4511 de
1874 4462 2079 4522 Ettona,
2101 4460 2161 4512 P.

1735 4543 1756 4573 ⁴
1788 4538 2069 4605 corporibus
2090 4538 2221 4605 suis]
2247 4554 2455 4605 corpore
2474 4555 2581 4600 suo,
2604 4542 2664 4591 P.

649 4626 669 4655 ²
701 4640 807 4673 cum
831 4660 843 4672 .
881 4660 894 4671 .
929 4660 942 4673 .
965 4620 1119 4689 villae]
1159 4638 1191 4673 a
1219 4620 1576 4686 transposition
1734 4622 1754 4649 ⁵
1788 4618 1979 4685 liberis]
2016 4618 2260 4683 prolibus,
2287 4618 2345 4669 P.

581 4704 642 4755 of
656 4704 740 4755 the
761 4702 927 4753 words
949 4699 1001 4751 in
1025 4702 1084 4755 P.
1735 4701 1755 4727 ⁰
1788 4698 1940 4749 Aster
1959 4714 2078 4751 suus
2098 4697 2257 4749 insert
2277 4699 2341 4751 dc
2362 4699 2521 4761 nobis,
2543 4699 2602 4749 P.
