3519 5734
1083 873 1506 925 Annxmsn
1549 871 1767 924 ABnAs
1812 873 2145 936 QUARTUS.
2529 861 2657 928 339

235 1051 292 1100 R.
315 1051 539 1117 Higden‚
563 1049 844 1106 membris
880 1055 942 1106 et
975 1055 1209 1105 terreno
1255 1049 1474 1104 honore
1509 1065 1635 1113 suo,
1675 1051 1881 1103 contra
1926 1065 2129 1104 omnes
2163 1047 2449 1112 homines,
2488 1051 2551 1102 et
2586 1045 2657 1101 de
2680 1042 2817 1094 A.D.
2848 1048 2975 1093 1199

235 1119 323 1167 col.
347 1125 492 1170 2416.

226 3126 372 3180 Matt.
401 3128 474 3180 ix.

226 3198 310 3245 37.

562 1158 706 1213 pace
757 1142 1044 1198 servanda
1091 1142 1206 1198 sibi
1255 1147 1316 1198 et
1360 1158 1547 1212 regno
1593 1157 1718 1196 suc.
1810 1131 2190 1217 Eodemque
2233 1132 2342 1197 die
2386 1131 2655 1217 exequi·
2679 1115 2895 1243 Χέοζῗῃ
2898 1200 2919 1242 t
2940 1194 3000 1244 of

562 1255 749 1300 arum
795 1234 1026 1302 Sancti
1089 1233 1398 1320 Hugonis
1455 1232 1743 1320 episcopi
1806 1249 2009 1300 sanata
2058 1248 2150 1298 est
2197 1243 2412 1298 mulier
2460 1259 2567 1314 per
2618 1242 2656 1296 ¹7
2681 1259 2753 1311 st,
2778 1260 2953 1326 Hugh,

561 1353 740 1394 annos
765 1355 941 1408 coeca.
1004 1336 1086 1392 Et
1119 1335 1362 1408 quidam
1383 1335 1696 1390 bursarum
1723 1335 1944 1390 incisor
1978 1335 2042 1390 in
2064 1335 2372 1392 incidendo
2406 1334 2659 1390 incurrit

543 1437 768 1502 §manus
803 1420 1276 1485 contractionem,
1303 1418 1488 1474 donec
1522 1435 1629 1490 per
1653 1419 1975 1475 orationem
2010 1419 2155 1474 cleri
2190 1425 2252 1475 et
2284 1419 2489 1492 populi
2511 1418 2659 1474 libe-

559 1518 810 1569 raretur.
883 1511 1003 1568 Hic
1038 1503 1320 1570 Sanctus
1349 1503 1551 1589 Hugo
1581 1509 1697 1568 fuit
1729 1511 1967 1567 natione
2004 1510 2470 1584 Burgundinus,¹
2500 1511 2658 1584 apud

558 1605 819 1662 Witham
847 1605 1020 1678 juxta
1045 1605 1438 1662 Saresbiriam
1471 1603 1633 1677 prior
1658 1603 2095 1662 Carthasiensis
2133 1605 2353 1662 ordinis
2389 1606 2651 1672 effectus,

561 1688 772 1745 deinde
794 1689 1225 1747 Lineolniensis
1263 1689 1574 1761 episeopus
1588 1687 1611 1721 ¹
1633 1693 1728 1744 est
1759 1689 2094 1760 praefectus.
2152 1688 2286 1759 Qui,
2321 1689 2462 1745 dum
2496 1689 2655 1762 apud

560 1781 926 1838 Lincolniam
983 1781 1538 1848 incathedraretur,⁸
1595 1776 1668 1837 et
1725 1793 1936 1860 equus
1996 1794 2113 1838 seu
2172 1795 2371 1838 vacca
2428 1783 2655 1838 ratione

559 1873 967 1933 installationis
1025 1892 1132 1947 per
1197 1873 1702 1946 archiepiscopum
1764 1873 2245 1931 Cantuariensem
2258 1875 2281 1908 ⁴
2332 1881 2651 1947 peteretur,

561 1959 711 2014 dixit
732 1977 798 2015 se
831 1959 1009 2015 malle
1033 1959 1394 2032 episcopatui
1429 1958 1640 2014 cedere
1677 1970 1855 2030 quam
1879 1960 2194 2031 quicquam
2228 1959 2336 2015 tali
2370 1959 2443 2014 de
2479 1977 2658 2014 causa

560 2041 719 2098 dare.
781 2043 880 2098 Ad
913 2061 1152 2100 manum
1188 2043 1315 2115 ejus
1353 2043 1617 2098 solebant
1649 2042 1915 2098 volatilia
1949 2043 2146 2098 cibum
2176 2061 2459 2116 quoerere.
2523 2043 2655 2098 Hoc
2678 2055 2966 2121 Proeching

561 2143 794 2200 quoque
831 2127 1013 2183 anno‘
1047 2127 1211 2183 venit
1245 2126 1311 2182 in
1343 2125 1626 2198 Angliam
1659 2125 1969 2182 Eustatius
2006 2127 2186 2183 abbas
2222 2126 2295 2183 de
2332 2127 2481 2198 Flay
2504 2145 2653 2199 prae-
2678 2123 2779 2172 and
2800 2123 2953 2172 mira·

559 2209 755 2266 dicare
789 2211 1038 2266 verbnm
1073 2210 1205 2276 Dei,
1247 2215 1306 2265 et
1341 2210 1484 2266 fecit
1524 2209 1714 2265 multa
1749 2210 2071 2278 miraculum
2125 2211 2279 2267 inter
2317 2229 2447 2282 quae
2482 2211 2655 2266 bene·
2680 2190 2781 2240 ⁰¹⁶⁸
2803 2189 2865 2241 ⁰f

559 2292 710 2350 dixit
745 2295 966 2351 fontem
1012 2293 1087 2349 de
1121 2294 1238 2365 Wy
1271 2293 1444 2365 juxta
1480 2293 1878 2360 cantuariam,
1919 2293 1993 2349 de
2030 2312 2147 2366 quo
2192 2299 2460 2366 potantes
2497 2311 2656 2350 rece·
2678 2257 2917 2374 {Bw}

557 2385 774 2448 perunt
808 2377 1164 2434 sanitatem!
1231 2377 1393 2434 Nam
1445 2383 1506 2434 et
1556 2378 1774 2433 mulier
1826 2377 2149 2434 daemonica
2192 2378 2416 2434 ibidem
2450 2378 2657 2434 bibens
2682 2389 2833 2455 Flsy.

559 2463 821 2518 evomuit
854 2461 1000 2519 duos
1034 2463 1240 2534 nigros
1274 2462 1540 2526 bufones,
1581 2461 1686 2532 qui
1731 2462 1851 2517 cito
1888 2463 2157 2518 conversi
2194 2467 2333 2518 sunt
2366 2463 2429 2516 in
2463 2479 2654 2526 canes,

561 2545 770 2624 deinde
805 2547 869 2602 in
901 2545 1156 2618 grandes
1193 2546 1408 2611 asinos,
1447 2551 1508 2600 et
1543 2544 1925 2601 ascendentes
1961 2545 2025 2601 in
2059 2563 2199 2602 aera
2232 2546 2390 2601 foeda
2423 2552 2559 2619 post
2594 2563 2659 2602 se

563 2629 821 2702 vestigia
866 2631 1252 2703 reliquerunt.
1327 2629 1408 2684 Et
1448 2629 1590 2685 fecit
1623 2629 1933 2685 Eustatius
1986 2647 2094 2684 sua
2142 2628 2555 2701 praedicatione
2590 2635 2661 2684 ut

559 2714 733 2769 multi
769 2731 979 2770 usuras
1031 2713 1414 2779 dimitterent,
1452 2718 1714 2770 mercata
1766 2730 1873 2785 per
1920 2710 2079 2768 diem
2114 2712 2491 2769 Dominicum
2542 2731 2659 2768 non

559 2803 844 2864 tenerent,
882 2802 952 2854 ut
983 2797 1185 2854 lumen
1217 2797 1558 2854 indeficiens
1596 2802 1731 2853 ante
1769 2815 1983 2870 eorpus
2018 2797 2257 2854 Domini
2293 2798 2355 2852 in
2392 2797 2659 2854 ecclesiis

560 2882 862 2947 haberent,
898 2888 970 2939 ut
1014 2900 1286 2955 proceres
1335 2882 1566 2954 discum
1613 2882 2119 2953 eleemosynarum
2166 2884 2229 2938 in
2264 2901 2469 2939 mensa
2503 2884 2661 2939 fove·

559 2964 735 3021 rent]
820 2966 948 3037 Ipsi
995 2966 1232 3022 tandem
1281 2965 1602 3022 Eustachio
1655 2966 1843 3037 aliqui
1891 2967 2270 3037 praelatorum
2328 2967 2660 3023 invidentes

562 3050 868 3117 dixerunt3
911 3053 950 3078 “
968 3051 1105 3106 Non
1139 3051 1283 3107 licet
1315 3050 1426 3106 tibi
1460 3050 1672 3105 falcem
1707 3068 1925 3121 ponere
1962 3050 2026 3105 in
2059 3067 2312 3107 messem
2349 3050 2659 3107 alienam.”

563 3132 788 3203 Quibus
824 3134 926 3190 ille
963 3134 1142 3201 dixit3
1187 3138 1224 3162 “
1245 3133 1462 3190 Messis
1497 3134 1735 3205 quidem
1771 3135 1960 3190 multa
1996 3134 2101 3189 sed
2136 3136 2391 3207 operarii
2425 3134 2661 3207 pauci.”

561 3217 642 3273 Et
663 3218 750 3273 sic
773 3218 1046 3275 discessit
1068 3218 1584 3275 inNormanniam.
1643 3217 1901 3289 Ipsoque
1925 3236 2091 3283 anno,
2108 3236 2309 3275 mense
2327 3219 2660 3284 Decembri,
2686 3230 2916 3295 Appar-

563 3302 626 3357 in
657 3302 960 3375 provincia
994 3302 1369 3368 Eboracensi,
1409 3307 1809 3374 apparuerunt
1860 3302 2119 3373 quinque
2168 3302 2323 3357 lunae
2375 3304 2439 3357 in
2474 3305 2659 3371 coelo;
2686 3312 2813 3347 ⁸¹10ss
2826 3297 2887 3348 Of
2899 3296 2999 3348 five

563 3404 680 3442 una
695 3384 717 3419 ⁸
739 3388 804 3442 in
827 3387 1069 3453 oriente,
1099 3387 1218 3442 alia
1233 3386 1256 3419 ⁹
1278 3387 1341 3441 in
1375 3386 1696 3452 occidente,
1725 3387 1789 3442 3·
1818 3386 1882 3441 in
1902 3385 2145 3452 Austro,
2172 3387 2233 3440 4?
2255 3388 2319 3442 in
2342 3385 2659 3460 Aquilone,
2685 3380 2880 3416 mmm·

565 3468 622 3525 5·
645 3471 708 3525 in
742 3470 935 3527 medio
971 3471 1108 3528 coeli
1142 3472 1434 3527 circuiens
1473 3472 1662 3527 sexies
1698 3470 1836 3526 illas
1861 3470 1897 3524 4
1932 3470 2102 3526 lunas
2141 3472 2310 3542 quasi
2344 3484 2451 3543 per
2486 3490 2664 3529 unam

564 3561 770 3618 horam
820 3570 882 3619 et
931 3563 1168 3619 tandem
1229 3563 1484 3620 evanuit.
1575 3554 1859 3621 Interim
1900 3554 1965 3619 ,J
1967 3555 2258 3621 ohannes
2318 3577 2439 3621 rex
2497 3580 2665 3643 prae-
2688 3576 2902 3629 Max-der
2924 3578 2985 3628 of

565 3654 882 3742 scriptum
919 3652 1316 3738 Arthurum,
1349 3654 1636 3721 GaJffidi
1681 3657 1959 3722 senioris
2005 3656 2239 3723 fratris
2276 3659 2381 3723 sui
2426 3658 2664 3740 filium,
2686 3644 2888 3761 mg
2907 3712 2978 3776 by

563 3756 848 3822 nimium
875 3758 1246 3838 verebatur,
1279 3780 1361 3823 ne
1407 3759 1669 3845 quando
1700 3758 1971 3826 collecto
2015 3762 2312 3827 exercitu
2342 3760 2659 3850 Angliam
2687 3778 2815 3843 king
2840 3776 2999 3829 John.

565 3862 636 3925 et
681 3858 1180 3941 Normanniam,
1226 3883 1378 3927 cum
1418 3860 1689 3949 reliquis
1733 3862 1933 3929 terris
1976 3863 2062 3928 ad
2106 3886 2273 3952 quas
2321 3866 2435 3951 jus
2477 3865 2665 3930 here-

565 3962 880 4028 ditarium
909 3968 990 4029 ut
1015 3962 1400 4052 praedicitur
1426 3963 1769 4042 habuerat,
1797 3963 2149 4032 invaderet
2188 3968 2662 4055 quoquomodo,

565 4060 786 4147 Unde,
833 4087 1132 4153 quaerens
1195 4066 1616 4149 occasionem,
1663 4068 1880 4155 ipsum
1939 4068 2313 4134 Arthurum
2375 4069 2663 4135 occidere

629 4314 646 4347 ι
679 4314 1064 4384 Emito]
1105 4317 1485 4383 namatium,
1499 4318 1562 4371 R.
1727 4320 1750 4349 ⁴
1775 4316 2192 4385 arehiepiscopum
2230 4318 2659 4388 Cannar-ictuum]

566 4392 639 4445 Η,
1661 4398 2073 4449 archidiaconum
2094 4397 2209 4459 loci,
2230 4398 2293 4449 R.
2316 4398 2385 4465 Η.

1727 4479 1750 4509 ⁸
1782 4476 1922 4529 Hoc.
1940 4516 1953 4529 .
1972 4478 2129 4545 anno]
2166 4477 2245 4529 Eo
2264 4486 2501 4544 tempore,
2524 4478 2665 4529 RH.

1729 4561 1750 4589 ⁸
1780 4558 2063 4625 sanitatem]
2102 4560 2406 4625 sospitatem,
2430 4562 2493 4613 R.
2518 4562 2586 4613 H.

693 4702 704 4713 .
1730 4640 1750 4667 ⁷
1766 4638 2023 4703 soverent]
2061 4639 2319 4698 haberent,
2340 4640 2403 4691 R.
2428 4642 2496 4694 H.

627 4700 648 4729 ⁸
683 4699 1124 4768 menthedmretur]
1207 4702 1563 4766 installaretur,
1732 4718 1753 4747 ⁸
1786 4718 1913 4785 nna]
1951 4718 2130 4783 prima,
2152 4720 2218 4769 R.
2242 4719 2309 4770 Η.

561 4775 628 4828 Β.
649 4778 722 4830 Η.
1731 4799 1753 4827 ⁹
1784 4794 1917 4862 alia]
1956 4799 2194 4861 secunda,
2216 4798 2281 4849 R.
2306 4798 2377 4850 H.

2260 4882 2399 4945 12

627 4507 648 4537 ²
679 4504 1035 4561 Lincolnt‘ena's
1078 4480 1378 4577 ‘episc-opus]
1437 4510 1563 4562 Lin-

561 4584 808 4638 colniensi
831 4588 1158 4655 episcopatui,
1178 4590 1243 4641 R.
1267 4590 1335 4641 H.
