3519 5734
863 873 992 938 324·
1381 885 1805 936 ALEXANDER
1850 884 2068 936 AnsAs
2114 884 2451 943 QUARTUS.

529 1067 670 1120 A.D.
693 1071 820 1122 1197
865 1061 1194 1142 exhibere,
1225 1061 1353 1144 vel,
1401 1062 1459 1128 si
1501 1061 1795 1150 pretium
1825 1060 1912 1125 ad
1958 1081 2149 1126 suum
2192 1059 2464 1125 libitum
2508 1077 2973 1136 recusaremus,

529 1139 711 1194 ‘¹²¹⁰’
865 1170 1205 1254 sperantes
1271 1187 1340 1231 se
1409 1170 1641 1232 contra
1701 1186 1826 1230 nos
1871 1163 2137 1230 fortiter
2194 1162 2500 1242 facturos,
2547 1161 2814 1248 penitus
2858 1161 2972 1228 ab—

867 1274 1176 1336 nuerunt.
1269 1267 1403 1334 Sed
1469 1289 1604 1348 nos,
1675 1266 2037 1332 secundum
2100 1271 2398 1331 tenorem
2474 1264 2971 1351 privilegiorum

867 1379 1259 1450 nostrorum,
1291 1369 1574 1436 decimas
1617 1368 1920 1434 laborum
1964 1372 2339 1435 nostrorum
2384 1367 2663 1455 propriis
2705 1367 2933 1432 usibus
2946 1366 2967 1406 ¹

869 1473 1152 1540 retinere
1215 1472 1534 1551 volentes,
1581 1471 1747 1537 dicti
1816 1470 2116 1538 canonici
2179 1469 2639 1557 multipliciter
2698 1469 2973 1536 infesta·-

867 1581 1045 1642 runt.
1139 1575 1561 1670 Quapropter
1619 1596 1757 1651 nos,
1804 1573 1891 1642 ad
1952 1571 2419 1661 appellationis
2476 1573 2761 1638 tutelam
2824 1594 2973 1638 con-

869 1683 1224 1758 currentes,
1265 1677 1525 1764 judices
1593 1677 1849 1765 legatos
1916 1697 1960 1742 a
2017 1675 2202 1743 curia
2247 1675 2548 1742 Romana
2590 1696 2788 1763 super
2844 1675 2975 1742 hiis

869 1781 1395 1868 impetravimus,
1488 1778 1653 1846 Post
1706 1779 1956 1844 multos
2016 1799 2169 1866 ergo
2228 1777 2483 1844 labores
2542 1782 2611 1844 et
2656 1799 2974 1864 expensas

871 1883 1187 1970 plurimas
1255 1882 1656 1948 sententiam
1720 1903 1840 1969 pro
1908 1879 2104 1946 nobis
2157 1880 2523 1962 habuimus,
2571 1886 2639 1947 et
2682 1883 2976 1946 canonici

871 1987 999 2074 ipsi
1043 1986 1130 2052 ad
1173 1986 1570 2052 solutionem
1616 2007 1680 2052 Χ.
1711 2005 2101 2062 marcarum,
2132 2004 2570 2071 expensarum
2600 1987 2973 2049 nostrarum

871 2089 1153 2167 nomine,
1201 2088 1476 2155 fuerunt
1534 2088 1975 2154 condemnati.
2070 2085 2198 2154 Oui
2218 2085 2247 2124 ⁹
2306 2086 2623 2152 solutioni
2683 2085 2801 2152 diu
2862 2088 2975 2153 ob-

871 2190 1262 2260 sistentibus
1310 2192 1505 2258 dictis
1549 2191 1898 2272 canonicis,
1931 2213 2081 2256 cum
2126 2189 2271 2278 ipsa
2315 2190 2583 2256 ecclesia
2628 2188 2710 2256 de
2741 2189 2976 2256 Whar-

871 2319 1058 2362 roma
1117 2296 1308 2360 nobis
1369 2295 1714 2361 commissa
1770 2293 2004 2360 fuisset
2028 2293 2053 2329 ⁸
2112 2315 2229 2381 per
2279 2293 2553 2376 judices»,
2598 2298 2678 2359 ut
2738 2294 2818 2359 de
2863 2293 2977 2360 ob-

873 2398 1300 2466 ventionibus
1347 2399 1488 2484 ejus
1519 2419 1839 2484 expensas
1878 2401 2142 2464 nostras
2171 2397 2621 2483 reciperemus,
2670 2398 2983 2462 assisten-

873 2503 1056 2567 tibus
1087 2501 1332 2567 eisdem
1357 2500 1384 2539 ⁴
1424 2505 1573 2566 toto
1616 2498 1911 2588 capitulo
1958 2498 2357 2566 Eboracensi
2403 2504 2471 2564 et
2501 2498 2858 2565 Willielmo
2896 2500 2979 2565 de

875 2603 1177 2690 Brytona
1246 2603 1568 2680 similiter,
1625 2603 1771 2667 viro
1841 2601 2125 2688 quodam
2194 2607 2479 2668 uxorato
2546 2603 2659 2688 qui
2718 2601 2937 2668 fuerat
2952 2602 2978 2639 ⁵

874 2701 1234 2772 *vicecomes
1281 2705 1730 2786 Eboracensis,
1788 2705 1893 2771 cui
1951 2705 2095 2790 jam
2155 2704 2341 2770 illam
2404 2704 2724 2770 dederant
2782 2707 2981 2772 eccle·

875 2809 1041 2875 siam
1073 2813 1150 2873 ut
1195 2807 1534 2876 fortiorem
1579 2807 1771 2874 nobis
1818 2807 2209 2875 inducerent
2226 2807 2253 2845 ⁶
2299 2808 2787 2890 adversarium;
2864 2811 2978 2896 qui

876 2913 950 2976 in
996 2916 1263 2976 tantum
1309 2933 1431 2976 nos
1476 2911 1753 2977 vexavit
1812 2918 1892 2977 ut
1940 2911 2210 2997 quidam
2276 2911 2356 2976 de
2416 2911 2554 2977 suis
2598 2932 2833 2977 manus
2876 2915 2979 2977 in·

869 3015 1157 3101 jicerent
1202 3012 1535 3079 violentas
1597 3014 1672 3078 in
1732 3013 2053 3100 quosdam
2114 3014 2467 3079 monachos
2527 3019 2595 3079 et
2639 3036 2979 3081 conversos

542 3130 777 3211 4rbitra-
878 3122 1182 3195 nostros;
1275 3117 1548 3183 tandem
1615 3118 1798 3182 inter
1860 3121 2085 3204 partes
2154 3139 2271 3205 per
2348 3116 2633 3183 arbitros
2696 3118 2853 3184 hinc
2912 3124 2980 3185 et

539 3203 662 3249 ‘¹⁰¹³‘
880 3221 1034 3286 inde
1110 3220 1352 3286 electos
1426 3220 1524 3284 ita
1599 3219 1928 3299 convenit,
1999 3224 2078 3284 ut
2152 3220 2437 3307 triginta
2510 3220 2751 3287 solidos
2824 3221 2979 3307 ipsis

881 3324 1208 3389 canonicis
1270 3344 1390 3410 pro
1443 3322 1618 3388 bono
1678 3324 1861 3410 pacis
1904 3324 2250 3389 annuatim
2296 3323 2548 3389 solvere
2592 3328 2977 3389 teneremur.

883 3426 1079 3507 Quod
1124 3426 1282 3513 quia
1328 3424 1505 3490 idem
1565 3424 1775 3490 abbas
1821 3424 2202 3491 Alexander
2259 3425 2516 3491 invitus
2570 3426 2975 3515 promiserat,

543 3540 786 3621 nquevfal
803 3540 864 3591 of
881 3526 972 3595 et'
1025 3532 1395 3594 conventus
1469 3550 1587 3615 per
1661 3526 2055 3594 violentiam
2144 3533 2469 3594 attractus
2560 3534 2978 3608 concesserat,

543 3609 809 3673 haganon.
878 3633 1090 3719 ipsam
1136 3631 1640 3698 conventionem
1686 3631 1918 3696 volens
1964 3629 2167 3695 abbas
2210 3631 2473 3697 irritare
2532 3631 2721 3699 litem
2766 3633 2979 3699 denuo

881 3733 1272 3815 suscitavit3
1319 3739 1387 3800 et
1451 3757 1570 3822 per
1635 3734 1899 3799 litteras
1968 3734 2359 3821 apostolicas
2404 3736 2579 3823 ipsos
2622 3738 2980 3815 canonicos,

545 3851 578 3901 f.
607 3855 687 3901 ³6.
880 3839 1130 3929 pariter
1197 3843 1268 3903 et
1337 3836 1774 3920 willielmum
1843 3836 1923 3903 de
1993 3835 2312 3924 Brytona,
2376 3839 2458 3904 de
2530 3838 2852 3905 violentia
2912 3844 2981 3905 et

879 3941 1124 4028 injuria
1167 3962 1365 4028 super
1411 3940 1865 4006 detentionem
1923 3940 2217 4027 ipsarum
2260 3963 2324 4005 x.
2372 3962 2739 4006 marcarum
2782 3942 2983 4007 illatis

549 4060 796 4113 Sentenoe
880 4046 952 4110 in
1021 4066 1279 4110 causam
1353 4042 1672 4109 trahebat.
1770 4042 1935 4122 Quae
1994 4064 2144 4108 eum
2202 4065 2319 4130 per
2378 4044 2723 4110 biennium
2780 4050 2849 4109 et
2906 4067 2982 4110 eo

545 4130 750 4248 {532⁸ss
763 4130 850 4181 ‘¹²⁶
883 4148 1166 4235 amplius
1210 4146 1448 4212 fuisset
1493 4145 1767 4232 agitata,
1813 4145 2059 4211 iterum
2082 4144 2108 4182 ⁷
2152 4145 2291 4211 lata
2336 4151 2437 4212 est
2476 4148 2807 4213 sententia
2834 4169 2983 4212 con-

883 4258 988 4318 tra
1027 4250 1291 4314 eosdem
1336 4253 1406 4313 et
1436 4248 1827 4313 confirmata
1863 4255 1963 4314 est
1993 4250 2325 4315 sententia
2355 4249 2643 4337 priorum
2665 4249 2983 4334 judicum,

947 4572 962 4603 ¹
988 4570 1213 4636 propriis
1265 4566 1462 4635 usibus]
1521 4569 1578 4619 in
1641 4570 1879 4623 manibus
2046 4571 2066 4601 ⁴
2098 4568 2298 4636 effidem]
2336 4570 2429 4633 eis,
2448 4569 2511 4622 P.

879 4650 1078 4762 nostris,
1100 4649 1161 4702 P.
1250 4729 1264 4742 .
2047 4651 2069 4761 ἰ
2086 4651 2296 4779 {xgr-at]
2330 4657 2442 4702 erat
2460 4650 2619 4715 quasi,
2640 4650 2699 4701 P.
2716 4729 2761 4779 P

948 4728 1464 4874 tagam.
2048 4729 2775 4875 anamma
