3519 5734
320 3568 533 3621 Ibidem.

1322 801 1521 854 ADAM
1565 799 1783 852 sums
1829 801 2102 850 ramus,
2637 791 2760 854 115

667 970 802 1025 dem
838 991 1053 1044 genere
1088 973 1322 1040 nobilis,
1352 975 1457 1032 sed
1492 991 1723 1030 morum
1752 976 2097 1031 excellentia
2131 982 2192 1031 et
2225 977 2350 1033 vita
2381 975 2768 1032 mundissima

666 1053 1202 1128 incomparabiliter
1226 1059 1497 1130 insignis.
1573 1059 1810 1114 Interea
1835 1077 1976 1115 vero
2001 1059 2285 1116 Osbertus
2323 1061 2765 1116 archidiaconus

664 1138 1069 1206 Eboracensis,
1110 1141 1345 1196 invidiae
1388 1142 1643 1196 stimulis
1685 1143 1963 1213 agitatae,
2004 1143 2158 1200 facta
2210 1145 2273 1199 in
2323 1144 2611 1216 eligentes
2648 1143 2764 1199 dis-

666 1225 952 1289 sensione,
994 1224 1491 1281 confirmationem
1531 1225 1695 1281 illius
1734 1226 1907 1282 electi
1947 1269 1960 1282 .
2027 1269 2038 1281 .
2108 1271 2120 1282 .
2187 1269 2200 1282 .
2241 1230 2620 1300 pertinaciter
2656 1229 2763 1282 im-

664 1307 906 1378 pedivit.
984 1309 1281 1380 Suspenso
1318 1310 1506 1380 igitur
1547 1311 1803 1380 negotiu,
1847 1312 2232 1382 partibusque
2270 1330 2466 1368 coram
2501 1313 2764 1368 Romano
2791 1317 3052 1383 Appealed

664 1393 936 1462 pontifice
996 1411 1175 1465 super
1232 1392 1571 1464 hujusmodi
1630 1394 1934 1450 electionis
1995 1395 2320 1452 discutione
2380 1396 2764 1467 personaliter
2787 1387 2986 1466 ὃδθίὓξῑ
3001 1390 3101 1438 ῡΰᾶ

666 1476 941 1541 evocatiS,
1004 1476 1163 1532 idem
1221 1475 1600 1542 Willielmus,
1664 1479 2152 1550 persequentibus
2214 1498 2348 1535 eum
2409 1480 2762 1535 adversariis
2789 1460 2864 1502 ἀ
2885 1454 3040 1502 ”¹⁶²⁹

666 1562 813 1616 suis·
831 1601 843 1615 .
888 1603 901 1615 .
947 1602 960 1615 .
1001 1561 1447 1616 consecrationis
1476 1562 1728 1632 gratiam
1764 1563 2007 1617 minime
2031 1563 2248 1618 valuit¹
2287 1565 2565 1620 obtinere.
2631 1564 2762 1618 Lite

664 1664 807 1717 ergo
843 1647 905 1699 in
942 1645 1108 1700 curia
1140 1645 1403 1700 Romana
1460 1646 1569 1700 sub
1604 1645 1774 1717 papis
1813 1645 2150 1702 Innocentio
2187 1649 2240 1712 2,
2283 1647 2596 1705 Coelestino
2633 1651 2666 1704 2
2704 1657 2765 1706 et

664 1729 846 1785 Lucio
883 1729 935 1794 2,
987 1746 1094 1801 per
1149 1746 1329 1784 annos
1371 1727 1405 1782 5
1460 1735 1521 1784 et
1579 1730 1831 1802 amplius
1893 1730 2090 1786 debito
2141 1750 2421 1803 processu
2471 1742 2758 1799 currente,

738 1855 751 1868 .
814 1854 827 1867 .
866 1811 1246 1884 praescriptus
1282 1813 1585 1883 Eugenius
1624 1831 1776 1884 papa
1811 1814 1864 1878 3,
1903 1818 1973 1868 ut
2010 1814 2249 1881 dicitur,
2294 1857 2307 1871 .
2348 1858 2361 1871 .
2402 1859 2415 1873 .
2453 1818 2514 1872 in
2548 1837 2760 1890 papam

664 1910 1053 1970 consecratus,
1094 1904 1436 1960 electionem
1490 1905 1632 1960 dicti
1668 1905 1979 1962 willielmi
2037 1900 2306 1965 consilio
2357 1901 2538 1966 beati
2607 1903 2758 1968 Ber·
2787 1914 2897 1965 129.

662 1996 856 2063 nardi
903 1995 1424 2064 Claraevaflensis
1467 1996 1729 2065 abbatis
1776 2011 2048 2077 cassavit,
2114 2017 2174 2066 et
2230 2011 2542 2083 praefatum
2600 2013 2760 2069 Hen-

662 2103 851 2170 ricu'm
898 2105 1058 2171 dicti
1130 2102 1449 2172 Bernardi
1496 2105 1756 2172 abbatis
1817 2104 2243 2192 requisitione
2289 2105 2484 2170 dictae
2545 2114 2762 2170 Ebora-

663 2208 855 2264 censis
892 2209 1155 2264 ecclesiae
1192 2208 1698 2280 archiepiscopum
1753 2208 2064 2264 ordinavit.
2141 2205 2526 2262 Consecratus
2565 2207 2761 2278 itaque
2789 2221 3063 2276 consecra-

662 2290 957 2348 Hem-icus
994 2293 1255 2348 cilicium
1290 2292 1500 2357 induit,
1543 2310 1872 2364 corpusque
1909 2307 2084 2346 suum
2129 2291 2482 2348 mirabiliter
2520 2296 2580 2345 et
2611 2292 2761 2345 mul·
2785 2289 2890 2338 tion
2913 2291 2977 2338 of

660 2374 945 2446 tipliciter
1004 2377 1227 2441 afflixit,
1285 2393 1351 2430 ec
1412 2375 1642 2446 plebem
1702 2376 1819 2431 sibi
1878 2375 2251 2430 commissam
2309 2374 2488 2434 verbo
2548 2375 2760 2445 rigidae
2787 2355 3033 2406 Mordoek

660 2459 1077 2528 exhortationis
1128 2466 1190 2515 et
1240 2460 1505 2531 exemplo
1557 2460 1669 2531 pias
1724 2459 2183 2514 conversationis
2237 2474 2445 2530 regere
2482 2475 2548 2512 ac
2585 2459 2759 2514 infor-

658 2569 819 2606 mare
857 2553 1147 2608 studebat.
1223 2542 1391 2608 Cum
1444 2549 1667 2608 autem
1718 2541 1984 2628 cognati
2031 2545 2098 2606 et
2141 2539 2334 2606 amici
2380 2540 2545 2605 dicti
2590 2541 2756 2606 Wil·
2785 2556 3006 2624 Oua-age
3022 2562 3092 2624 by

658 2641 866 2711 lielmi
941 2645 1021 2708 de
1099 2643 1459 2708 cassatione
1550 2643 1883 2708 electionis
1960 2643 2099 2728 ejus
2171 2642 2614 2723 tristarentur,
2682 2643 2756 2708 in
2779 2623 3036 2743 ἓξὲξ

655 2744 875 2829 ipsum
949 2746 1316 2811 Hem-icum
1390 2744 1710 2810 ultionem
1787 2751 2174 2831 quaerenteS‚
2251 2766 2402 2810 eum
2477 2766 2560 2809 ex
2635 2743 2758 2810 hac
2781 2757 3064 2810 Fountains

656 2847 805 2911 vita
866 2848 1305 2915 exterminare
1326 2910 1347 2931 ,
1372 2848 1781 2935 satagebant.
1874 2847 2004 2914 Sed
2061 2847 2284 2935 'ipsum
2353 2849 2425 2914 in
2492 2847 2759 2915 ecclesia
2780 2824 2958 2893 abbey.

658 2950 741 3015 de
786 2948 1111 3015 Fontibus
1156 2953 1227 3015 in
1274 2952 1565 3016 oratione
1612 2956 2017 3038 prostratum
2048 2957 2246 3036 atque
2291 2950 2362 3016 in
2407 2958 2757 3038 conspectu
2863 2960 2870 2967 ’

635 3057 727 3117 ‚et
770 3054 1125 3139 praesentia
1185 3054 1448 3119 illorum
1494 3053 1948 3129 constitutum,
1997 3053 2140 3118 Deo
2183 3052 2327 3119 illos
2373 3059 2756 3133 excaecante,

658 3156 931 3220 minime
974 3160 1389 3242 reperienteS‚
1423 3156 1717 3220 caecitate
1750 3170 1820 3220 et
1865 3154 2123 3219 insania
2151 3154 2508 3242 provocati,
2539 3156 2754 3241 ipsum

658 3258 1129 3323 monasterium
1204 3258 1288 3323 de
1364 3256 1690 3322 Fontibus
1766 3258 2280 3323 combusserunt.
2398 3258 2548 3343 Ipse
2623 3258 2754 3323 fuit

659 3358 987 3451 Henricus
1032 3359 1549 3447 archiepiscopus
1598 3360 1711 3446 qui
1757 3359 2168 3446 praescriptas
2213 3359 2377 3424 duas
2422 3365 2754 3439 carucatas

656 3467 851 3529 terrae
896 3464 970 3527 in
1015 3462 1323 3549 Waghna
1366 3484 1515 3527 cum
1560 3462 1858 3548 passagio
1903 3461 2096 3525 fluvii
2141 3460 2222 3527 de
2271 3460 2482 3528 Hullo
2527 3467 2752 3527 nostro

654 3564 1053 3629 monasterio
1084 3563 1472 3629 conferebat.
1540 3574 1708 3628 Vixit
1740 3578 1936 3628 autem
1974 3572 2268 3629 Hem-icus
2304 3571 2432 3643 ipse
2468 3572 2530 3626 in
2565 3570 2752 3627 archi-

657 3664 994 3735 episcopatu
1019 3671 1243 3736 septem
1267 3666 1449 3720 annis.
1477 3664 1699 3733 Quibus
1721 3665 2045 3736 completis,
2075 3665 2222 3719 obiit
2245 3664 2400 3736 apud
2427 3664 2752 3735 Schyrbur-
2775 3685 2942 3737 Dfflth
2963 3690 3025 3737 of

654 3764 790 3802 nam
826 3766 974 3802 anno
999 3748 1233 3803 Domini
1258 3749 1415 3803 1153.
1468 3748 1653 3820 Cujus
1678 3766 1890 3819 corpus
1925 3765 2112 3819 usque
2137 3747 2467 3803 Eboracum
2491 3748 2748 3803 delatum
2773 3752 3038 3805 Mordack.

656 3832 718 3885 in
742 3831 993 3887 ecclesia
1026 3832 1223 3887 Sancti
1259 3832 1423 3886 Petri
1460 3850 1596 3887 cum
1630 3833 1848 3887 honore
1885 3831 2078 3887 debito
2115 3832 2372 3888 traditur
2413 3832 2745 3903 sepulturae.

654 3920 833 3981 Ante
876 3916 1102 4001 'cujus
1191 3916 1649 4002 episcopatum,
1724 3938 1956 4002 corpus
2031 3916 2375 3982 Thurstini
2447 3918 2745 4003 praedicti
2769 3944 2917 4009 Body
2938 3946 2998 3996 of

653 4018 1139 4106 praedecessoris
1184 4016 1305 4094 sui,
1337 4016 1571 4103 elapsis
1607 4017 1748 4102 jam
1797 4017 2054 4083 duobus
2099 4019 2292 4083 annis
2337 4024 2487 4106 post
2531 4021 2744 4106 sepul-
2767 4012 3072 4129 Ἠξξβῑὲξψ

651 4128 887 4201 turam,
933 4125 1267 4207 repertum
1309 4118 1439 4185 fuit
1484 4119 1874 4185 odoriferum
1921 4125 1991 4185 et
2031 4120 2504 4207 incorruptum.
2767 4143 2924 4193 found
2945 4162 3036 4194 un.

2765 4214 3054 4275 corrupted.

1665 4312 1838 4318 -.-.-
1854 4312 2145 4319 ᾜ---ὺ

1356 4425 1369 4455 ¹
1408 4422 1587 4489 valuit]
1624 4423 1804 4489 potuit,
1827 4426 2026 4476 stubbs.
2073 4448 2080 4454 ·

2333 4788 2520 4865 112'
