<?xml version="1.0" encoding="UTF-8"?>
<!DOCTYPE html PUBLIC "-//W3C//DTD XHTML 1.0 Transitional//EN"
    "http://www.w3.org/TR/xhtml1/DTD/xhtml1-transitional.dtd">
<html xmlns="http://www.w3.org/1999/xhtml" xml:lang="en" lang="en">
 <head>
  <title>
</title>
<meta http-equiv="Content-Type" content="text/html;charset=utf-8" />
  <meta name='ocr-system' content='tesseract 3.04.00' />
  <meta name='ocr-capabilities' content='ocr_page ocr_carea ocr_par ocr_line ocrx_word'/>
</head>
<body>
  <div class='ocr_page' id='page_1' title='image "./chronicamonaste00burtgoog_0368.png"; bbox 0 0 3519 5734; ppageno 0'>
   <div class='ocr_carea' id='block_1_1' title="bbox 1228 843 2722 919">
    <p class='ocr_par' dir='ltr' id='par_1_1' title="bbox 1228 843 2722 919">
     <span class='ocr_line' id='line_1_1' title="bbox 1228 843 2722 919; baseline 0.002 -8"><span class='ocrx_word' id='word_1_1' title='bbox 1228 857 1506 912; x_wconf 66' lang='lat' dir='ltr'><strong>mons</strong></span> <span class='ocrx_word' id='word_1_2' title='bbox 1547 857 1765 913; x_wconf 73' lang='lat' dir='ltr'><strong>ABBAs</strong></span> <span class='ocrx_word' id='word_1_3' title='bbox 1808 861 2112 913; x_wconf 70' lang='lat' dir='ltr'><strong>memus,</strong></span> <span class='ocrx_word' id='word_1_4' title='bbox 2593 843 2722 919; x_wconf 81' lang='lat'><strong>275</strong></span> 
     </span>
    </p>
   </div>
   <div class='ocr_carea' id='block_1_2' title="bbox 621 1029 3059 1294">
    <p class='ocr_par' dir='ltr' id='par_1_2' title="bbox 621 1029 3059 1294">
     <span class='ocr_line' id='line_1_2' title="bbox 631 1029 3059 1111; baseline 0.005 -25"><span class='ocrx_word' id='word_1_5' title='bbox 631 1029 1026 1088; x_wconf 71' lang='lat' dir='ltr'><strong>venundatum</strong></span> <span class='ocrx_word' id='word_1_6' title='bbox 1061 1033 1255 1091; x_wconf 84' lang='lat' dir='ltr'><strong>fuerat</strong></span> <span class='ocrx_word' id='word_1_7' title='bbox 1305 1035 1560 1106; x_wconf 83' lang='lat' dir='ltr'><strong>repetiit,</strong></span> <span class='ocrx_word' id='word_1_8' title='bbox 1601 1035 1838 1092; x_wconf 85' lang='lat' dir='ltr'><strong>nomine</strong></span> <span class='ocrx_word' id='word_1_9' title='bbox 1878 1036 2288 1103; x_wconf 77' lang='lat' dir='ltr'><strong>commendati,</strong></span> <span class='ocrx_word' id='word_1_10' title='bbox 2327 1038 2557 1094; x_wconf 84' lang='lat' dir='ltr'><strong>fructus</strong></span> <span class='ocrx_word' id='word_1_11' title='bbox 2594 1055 2726 1111; x_wconf 89' lang='lat' dir='ltr'><strong>per·</strong></span> <span class='ocrx_word' id='word_1_12' title='bbox 2750 1045 2889 1098; x_wconf 84' lang='lat' dir='ltr'><strong>A.D.</strong></span> <span class='ocrx_word' id='word_1_13' title='bbox 2916 1051 3059 1098; x_wconf 70' lang='lat'><strong>1194.</strong></span> 
     </span>
     <span class='ocr_line' id='line_1_3' title="bbox 623 1121 2725 1192; baseline 0.004 -22"><span class='ocrx_word' id='word_1_14' title='bbox 623 1122 823 1186; x_wconf 85' lang='lat' dir='ltr'><strong>ceptos</strong></span> <span class='ocrx_word' id='word_1_15' title='bbox 873 1133 982 1189; x_wconf 90' lang='lat' dir='ltr'><strong>pro</strong></span> <span class='ocrx_word' id='word_1_16' title='bbox 1016 1123 1176 1174; x_wconf 85' lang='lat' dir='ltr'><strong>sorte</strong></span> <span class='ocrx_word' id='word_1_17' title='bbox 1227 1124 1589 1190; x_wconf 82' lang='lat' dir='ltr'><strong>computans,</strong></span> <span class='ocrx_word' id='word_1_18' title='bbox 1627 1125 1894 1177; x_wconf 76' lang='lat' dir='ltr'><strong>cessante</strong></span> <span class='ocrx_word' id='word_1_19' title='bbox 1946 1127 2135 1192; x_wconf 79' lang='lat' dir='ltr'><strong>pecte,</strong></span> <span class='ocrx_word' id='word_1_20' title='bbox 2174 1121 2351 1178; x_wconf 85' lang='lat' dir='ltr'><strong>titulo</strong></span> <span class='ocrx_word' id='word_1_21' title='bbox 2399 1125 2462 1178; x_wconf 85' lang='lat' dir='ltr'><strong>et</strong></span> <span class='ocrx_word' id='word_1_22' title='bbox 2506 1122 2725 1180; x_wconf 68' lang='lat' dir='ltr'><strong>insu-u-</strong></span> 
     </span>
     <span class='ocr_line' id='line_1_4' title="bbox 621 1200 2723 1294; baseline 0.006 -34"><span class='ocrx_word' id='word_1_23' title='bbox 621 1213 817 1264; x_wconf 80' lang='lat' dir='ltr'><strong>mento</strong></span> <span class='ocrx_word' id='word_1_24' title='bbox 868 1226 1254 1283; x_wconf 83' lang='lat' dir='ltr'><strong>quocunque;</strong></span> <span class='ocrx_word' id='word_1_25' title='bbox 1318 1209 1387 1270; x_wconf 92' lang='lat' dir='ltr'><strong>et</strong></span> <span class='ocrx_word' id='word_1_26' title='bbox 1430 1204 1506 1267; x_wconf 90' lang='lat' dir='ltr'><strong>in</strong></span> <span class='ocrx_word' id='word_1_27' title='bbox 1549 1200 1797 1292; x_wconf 84' lang='lat' dir='ltr'><strong>Anglia</strong></span> <span class='ocrx_word' id='word_1_28' title='bbox 1840 1227 1957 1292; x_wconf 92' lang='lat' dir='ltr'><strong>per</strong></span> <span class='ocrx_word' id='word_1_29' title='bbox 1999 1205 2415 1292; x_wconf 84' lang='lat' dir='ltr'><strong>aliquantum</strong></span> <span class='ocrx_word' id='word_1_30' title='bbox 2458 1210 2723 1294; x_wconf 84' lang='lat' dir='ltr'><strong>tempus</strong></span> 
     </span>
    </p>
   </div>
   <div class='ocr_carea' id='block_1_3' title="bbox 619 1305 3066 1498">
    <p class='ocr_par' dir='ltr' id='par_1_3' title="bbox 619 1305 3066 1498">
     <span class='ocr_line' id='line_1_5' title="bbox 619 1305 2998 1392; baseline 0.005 -28"><span class='ocrx_word' id='word_1_31' title='bbox 619 1307 1059 1369; x_wconf 76' lang='lat' dir='ltr'><strong>commoratus</strong></span> <span class='ocrx_word' id='word_1_32' title='bbox 1132 1308 1250 1371; x_wconf 86' lang='lat' dir='ltr'><strong>est.</strong></span> <span class='ocrx_word' id='word_1_33' title='bbox 1373 1305 1582 1392; x_wconf 85' lang='lat' dir='ltr'><strong>Cujus</strong></span> <span class='ocrx_word' id='word_1_34' title='bbox 1651 1306 2065 1374; x_wconf 71' lang='lat' dir='ltr'><strong>coronationi</strong></span> <span class='ocrx_word' id='word_1_35' title='bbox 2126 1307 2527 1374; x_wconf 86' lang='lat' dir='ltr'><strong>Willielmus</strong></span> <span class='ocrx_word' id='word_1_36' title='bbox 2600 1330 2721 1375; x_wconf 82' lang='lat' dir='ltr'><strong>rex</strong></span> <span class='ocrx_word' id='word_1_37' title='bbox 2747 1308 2913 1388; x_wconf 55' lang='lat' dir='ltr'><strong>elain}</strong></span> <span class='ocrx_word' id='word_1_38' title='bbox 2936 1311 2998 1361; x_wconf 85' lang='lat' dir='ltr'><strong>0f</strong></span> 
     </span>
     <span class='ocr_line' id='line_1_6' title="bbox 620 1377 3066 1498; baseline 0.006 -30"><span class='ocrx_word' id='word_1_39' title='bbox 620 1402 861 1471; x_wconf 85' lang='lat' dir='ltr'><strong>Scotiae</strong></span> <span class='ocrx_word' id='word_1_40' title='bbox 903 1405 1235 1487; x_wconf 82' lang='lat' dir='ltr'><strong>assistens,</strong></span> <span class='ocrx_word' id='word_1_41' title='bbox 1284 1429 1326 1473; x_wconf 92' lang='lat' dir='ltr'><strong>a</strong></span> <span class='ocrx_word' id='word_1_42' title='bbox 1367 1429 1521 1496; x_wconf 89' lang='lat' dir='ltr'><strong>rege</strong></span> <span class='ocrx_word' id='word_1_43' title='bbox 1567 1407 1853 1475; x_wconf 85' lang='lat' dir='ltr'><strong>Ricardo</strong></span> <span class='ocrx_word' id='word_1_44' title='bbox 1899 1409 2266 1498; x_wconf 85' lang='lat' dir='ltr'><strong>dignitates</strong></span> <span class='ocrx_word' id='word_1_45' title='bbox 2327 1415 2398 1478; x_wconf 87' lang='lat' dir='ltr'><strong>et</strong></span> <span class='ocrx_word' id='word_1_46' title='bbox 2438 1411 2719 1478; x_wconf 86' lang='lat' dir='ltr'><strong>honores</strong></span> <span class='ocrx_word' id='word_1_47' title='bbox 2743 1377 2988 1494; x_wconf 47' lang='lat' dir='ltr'><strong>{hcssffifi</strong></span> <span class='ocrx_word' id='word_1_48' title='bbox 3002 1377 3066 1428; x_wconf 70' lang='lat' dir='ltr'><strong>⁰f</strong></span> 
     </span>
    </p>
   </div>
   <div class='ocr_carea' id='block_1_4' title="bbox 617 1507 2986 1628">
    <p class='ocr_par' dir='ltr' id='par_1_4' title="bbox 617 1507 2986 1628">
     <span class='ocr_line' id='line_1_7' title="bbox 617 1507 2986 1628; baseline 0.004 -58"><span class='ocrx_word' id='word_1_49' title='bbox 617 1525 778 1590; x_wconf 84' lang='lat' dir='ltr'><strong>quas</strong></span> <span class='ocrx_word' id='word_1_50' title='bbox 843 1511 1287 1576; x_wconf 73' lang='lat' dir='ltr'><strong>antecessores</strong></span> <span class='ocrx_word' id='word_1_51' title='bbox 1347 1510 1454 1576; x_wconf 88' lang='lat' dir='ltr'><strong>sui</strong></span> <span class='ocrx_word' id='word_1_52' title='bbox 1520 1507 1918 1590; x_wconf 82' lang='lat' dir='ltr'><strong>habuerunt,</strong></span> <span class='ocrx_word' id='word_1_53' title='bbox 1984 1513 2340 1579; x_wconf 78' lang='lat' dir='ltr'><strong>comitatus</strong></span> <span class='ocrx_word' id='word_1_54' title='bbox 2406 1513 2717 1580; x_wconf 84' lang='lat' dir='ltr'><strong>videlicet</strong></span> <span class='ocrx_word' id='word_1_55' title='bbox 2741 1511 2986 1628; x_wconf 46' lang='lat' dir='ltr'><strong>ffirtffiem</strong></span> 
     </span>
    </p>
   </div>
   <div class='ocr_carea' id='block_1_5' title="bbox 615 1608 2983 1908">
    <p class='ocr_par' dir='ltr' id='par_1_5' title="bbox 615 1608 2983 1908">
     <span class='ocr_line' id='line_1_8' title="bbox 615 1608 2983 1696; baseline 0.004 -22"><span class='ocrx_word' id='word_1_56' title='bbox 615 1608 684 1674; x_wconf 82' lang='grc' dir='ltr'><strong>Ν</strong></span> <span class='ocrx_word' id='word_1_57' title='bbox 689 1610 1142 1694; x_wconf 84' lang='lat' dir='ltr'><strong>orthumbriae,</strong></span> <span class='ocrx_word' id='word_1_58' title='bbox 1190 1611 1745 1692; x_wconf 83' lang='lat' dir='ltr'><strong>Oumberlandiae,</strong></span> <span class='ocrx_word' id='word_1_59' title='bbox 1792 1613 2373 1682; x_wconf 83' lang='lat' dir='ltr'><strong>Westmerlandiae</strong></span> <span class='ocrx_word' id='word_1_60' title='bbox 2416 1620 2487 1682; x_wconf 87' lang='lat' dir='ltr'><strong>et</strong></span> <span class='ocrx_word' id='word_1_61' title='bbox 2544 1616 2717 1682; x_wconf 89' lang='lat' dir='ltr'><strong>Lan-</strong></span> <span class='ocrx_word' id='word_1_62' title='bbox 2741 1647 2983 1696; x_wconf 76' lang='lat' dir='ltr'><strong>enunties.</strong></span> 
     </span>
     <span class='ocr_line' id='line_1_9' title="bbox 617 1712 2716 1803; baseline 0.004 -27"><span class='ocrx_word' id='word_1_63' title='bbox 617 1713 892 1793; x_wconf 71' lang='lat' dir='ltr'><strong>castriae,</strong></span> <span class='ocrx_word' id='word_1_64' title='bbox 939 1712 1070 1778; x_wconf 88' lang='lat' dir='ltr'><strong>sibi</strong></span> <span class='ocrx_word' id='word_1_65' title='bbox 1135 1713 1326 1781; x_wconf 85' lang='lat' dir='ltr'><strong>reddi</strong></span> <span class='ocrx_word' id='word_1_66' title='bbox 1388 1715 1676 1802; x_wconf 87' lang='lat' dir='ltr'><strong>repetiit,</strong></span> <span class='ocrx_word' id='word_1_67' title='bbox 1724 1720 1807 1782; x_wconf 90' lang='lat' dir='ltr'><strong>ut</strong></span> <span class='ocrx_word' id='word_1_68' title='bbox 1874 1715 1957 1782; x_wconf 92' lang='lat' dir='ltr'><strong>de</strong></span> <span class='ocrx_word' id='word_1_69' title='bbox 2016 1718 2167 1803; x_wconf 87' lang='lat' dir='ltr'><strong>jure</strong></span> <span class='ocrx_word' id='word_1_70' title='bbox 2228 1719 2716 1785; x_wconf 81' lang='lat' dir='ltr'><strong>antecessorum</strong></span> 
     </span>
     <span class='ocr_line' id='line_1_10' title="bbox 618 1816 2717 1908; baseline 0.004 -29"><span class='ocrx_word' id='word_1_71' title='bbox 618 1836 904 1881; x_wconf 84' lang='lat' dir='ltr'><strong>suorum.</strong></span> <span class='ocrx_word' id='word_1_72' title='bbox 995 1816 1126 1883; x_wconf 82' lang='lat' dir='ltr'><strong>Oui</strong></span> <span class='ocrx_word' id='word_1_73' title='bbox 1191 1839 1312 1883; x_wconf 85' lang='lat' dir='ltr'><strong>rex</strong></span> <span class='ocrx_word' id='word_1_74' title='bbox 1375 1818 1694 1884; x_wconf 84' lang='lat' dir='ltr'><strong>Ricardus</strong></span> <span class='ocrx_word' id='word_1_75' title='bbox 1755 1841 1954 1906; x_wconf 86' lang='lat' dir='ltr'><strong>super</strong></span> <span class='ocrx_word' id='word_1_76' title='bbox 1997 1820 2121 1886; x_wconf 91' lang='lat' dir='ltr'><strong>hoc</strong></span> <span class='ocrx_word' id='word_1_77' title='bbox 2165 1819 2252 1886; x_wconf 89' lang='lat' dir='ltr'><strong>ad</strong></span> <span class='ocrx_word' id='word_1_78' title='bbox 2296 1826 2558 1908; x_wconf 85' lang='lat' dir='ltr'><strong>tempus</strong></span> <span class='ocrx_word' id='word_1_79' title='bbox 2616 1844 2717 1888; x_wconf 90' lang='lat' dir='ltr'><strong>re-</strong></span> 
     </span>
    </p>
   </div>
   <div class='ocr_carea' id='block_1_6' title="bbox 615 1918 3053 2010">
    <p class='ocr_par' dir='ltr' id='par_1_6' title="bbox 615 1918 3053 2010">
     <span class='ocr_line' id='line_1_11' title="bbox 615 1918 3053 2010; baseline 0.004 -29"><span class='ocrx_word' id='word_1_80' title='bbox 615 1918 934 2003; x_wconf 90' lang='lat' dir='ltr'><strong>spondere</strong></span> <span class='ocrx_word' id='word_1_81' title='bbox 1007 1919 1370 1987; x_wconf 72' lang='lat' dir='ltr'><strong>differebat</strong></span> <span class='ocrx_word' id='word_1_82' title='bbox 1490 1920 1740 1994; x_wconf 80' lang='lat' dir='ltr'><strong>Tamen</strong></span> <span class='ocrx_word' id='word_1_83' title='bbox 1810 1922 1991 1988; x_wconf 85' lang='lat' dir='ltr'><strong>inter</strong></span> <span class='ocrx_word' id='word_1_84' title='bbox 2063 1944 2282 2010; x_wconf 87' lang='lat' dir='ltr'><strong>regem</strong></span> <span class='ocrx_word' id='word_1_85' title='bbox 2357 1929 2715 2010; x_wconf 87' lang='lat' dir='ltr'><strong>utrumque</strong></span> <span class='ocrx_word' id='word_1_86' title='bbox 2741 1930 3053 1996; x_wconf 73' lang='lat' dir='ltr'><strong>Agmement</strong></span> 
     </span>
    </p>
   </div>
   <div class='ocr_carea' id='block_1_7' title="bbox 615 1998 3029 2130">
    <p class='ocr_par' dir='ltr' id='par_1_7' title="bbox 615 1998 3029 2130">
     <span class='ocr_line' id='line_1_12' title="bbox 615 1998 3029 2130; baseline 0.005 -47"><span class='ocrx_word' id='word_1_87' title='bbox 615 2023 884 2105; x_wconf 83' lang='lat' dir='ltr'><strong>pactum</strong></span> <span class='ocrx_word' id='word_1_88' title='bbox 950 2019 1100 2100; x_wconf 85' lang='lat' dir='ltr'><strong>fuit,</strong></span> <span class='ocrx_word' id='word_1_89' title='bbox 1164 2023 1602 2109; x_wconf 67' lang='lat' dir='ltr'><strong>praesentibus</strong></span> <span class='ocrx_word' id='word_1_90' title='bbox 1661 2025 1998 2112; x_wconf 87' lang='lat' dir='ltr'><strong>episcopis,</strong></span> <span class='ocrx_word' id='word_1_91' title='bbox 2042 2025 2402 2092; x_wconf 85' lang='lat' dir='ltr'><strong>comitibus</strong></span> <span class='ocrx_word' id='word_1_92' title='bbox 2448 2030 2518 2093; x_wconf 86' lang='lat' dir='ltr'><strong>et</strong></span> <span class='ocrx_word' id='word_1_93' title='bbox 2562 2049 2715 2114; x_wconf 88' lang='lat' dir='ltr'><strong>pro·</strong></span> <span class='ocrx_word' id='word_1_94' title='bbox 2741 1998 3029 2130; x_wconf 47' lang='grc' dir='ltr'><strong>ἱξζῧιξζξὲῗ</strong></span> 
     </span>
    </p>
   </div>
   <div class='ocr_carea' id='block_1_8' title="bbox 611 2122 3049 2319">
    <p class='ocr_par' dir='ltr' id='par_1_8' title="bbox 611 2122 3049 2319">
     <span class='ocr_line' id='line_1_13' title="bbox 615 2122 2926 2247; baseline 0.003 -61"><span class='ocrx_word' id='word_1_95' title='bbox 615 2122 888 2204; x_wconf 88' lang='lat' dir='ltr'><strong>ceribus,</strong></span> <span class='ocrx_word' id='word_1_96' title='bbox 963 2123 1154 2212; x_wconf 84' lang='lat' dir='ltr'><strong>regni</strong></span> <span class='ocrx_word' id='word_1_97' title='bbox 1227 2125 1592 2213; x_wconf 88' lang='lat' dir='ltr'><strong>utriusque,</strong></span> <span class='ocrx_word' id='word_1_98' title='bbox 1669 2126 1849 2213; x_wconf 89' lang='lat' dir='ltr'><strong>quod</strong></span> <span class='ocrx_word' id='word_1_99' title='bbox 1919 2128 2063 2215; x_wconf 91' lang='lat' dir='ltr'><strong>ipse</strong></span> <span class='ocrx_word' id='word_1_100' title='bbox 2136 2150 2259 2194; x_wconf 85' lang='lat' dir='ltr'><strong>rex</strong></span> <span class='ocrx_word' id='word_1_101' title='bbox 2335 2127 2581 2194; x_wconf 82' lang='lat' dir='ltr'><strong>Scotiae</strong></span> <span class='ocrx_word' id='word_1_102' title='bbox 2648 2133 2717 2195; x_wconf 88' lang='lat' dir='ltr'><strong>et</strong></span> <span class='ocrx_word' id='word_1_103' title='bbox 2739 2131 2849 2247; x_wconf 50' lang='grc' dir='ltr'><strong>ἰξοῦ</strong></span> <span class='ocrx_word' id='word_1_104' title='bbox 2870 2133 2926 2180; x_wconf 89' lang='lat' dir='ltr'><strong>in</strong></span> 
     </span>
     <span class='ocr_line' id='line_1_14' title="bbox 611 2199 3049 2319; baseline 0.004 -29"><span class='ocrx_word' id='word_1_105' title='bbox 611 2225 881 2293; x_wconf 89' lang='lat' dir='ltr'><strong>heredes</strong></span> <span class='ocrx_word' id='word_1_106' title='bbox 925 2227 1031 2293; x_wconf 86' lang='lat' dir='ltr'><strong>sui</strong></span> <span class='ocrx_word' id='word_1_107' title='bbox 1073 2249 1259 2316; x_wconf 88' lang='lat' dir='ltr'><strong>reges</strong></span> <span class='ocrx_word' id='word_1_108' title='bbox 1303 2228 1545 2296; x_wconf 78' lang='lat' dir='ltr'><strong>Scotiee</strong></span> <span class='ocrx_word' id='word_1_109' title='bbox 1581 2229 1668 2295; x_wconf 84' lang='lat' dir='ltr'><strong>ad</strong></span> <span class='ocrx_word' id='word_1_110' title='bbox 1695 2229 2210 2317; x_wconf 82' lang='lat' dir='ltr'><strong>parliamentum</strong></span> <span class='ocrx_word' id='word_1_111' title='bbox 2241 2231 2417 2319; x_wconf 85' lang='lat' dir='ltr'><strong>regis</strong></span> <span class='ocrx_word' id='word_1_112' title='bbox 2446 2231 2712 2318; x_wconf 84' lang='lat' dir='ltr'><strong>Angliae</strong></span> <span class='ocrx_word' id='word_1_113' title='bbox 2738 2199 3049 2316; x_wconf 55' lang='grc' dir='ltr'><em>ῃέἕέξξὲω.</em></span> 
     </span>
    </p>
   </div>
   <div class='ocr_carea' id='block_1_9' title="bbox 611 2330 2960 2462">
    <p class='ocr_par' dir='ltr' id='par_1_9' title="bbox 611 2330 2960 2462">
     <span class='ocr_line' id='line_1_15' title="bbox 611 2330 2960 2462; baseline 0.003 -68"><span class='ocrx_word' id='word_1_114' title='bbox 611 2330 1000 2396; x_wconf 88' lang='lat' dir='ltr'><strong>summoniti</strong></span> <span class='ocrx_word' id='word_1_115' title='bbox 1057 2330 1466 2397; x_wconf 82' lang='lat' dir='ltr'><strong>advenirent.</strong></span> <span class='ocrx_word' id='word_1_116' title='bbox 1556 2331 1761 2397; x_wconf 88' lang='lat' dir='ltr'><strong>Unde</strong></span> <span class='ocrx_word' id='word_1_117' title='bbox 1821 2353 1944 2398; x_wconf 84' lang='lat' dir='ltr'><strong>rex</strong></span> <span class='ocrx_word' id='word_1_118' title='bbox 2005 2333 2328 2398; x_wconf 79' lang='lat' dir='ltr'><strong>Ricardus</strong></span> <span class='ocrx_word' id='word_1_119' title='bbox 2391 2335 2716 2400; x_wconf 85' lang='lat' dir='ltr'><strong>concessit</strong></span> <span class='ocrx_word' id='word_1_120' title='bbox 2738 2339 2960 2462; x_wconf 43' lang='lat' dir='ltr'><strong>{fg-1¹¹3?</strong></span> 
     </span>
    </p>
   </div>
   <div class='ocr_carea' id='block_1_10' title="bbox 279 2431 2891 2620">
    <p class='ocr_par' dir='ltr' id='par_1_10' title="bbox 279 2431 2891 2620">
     <span class='ocr_line' id='line_1_16' title="bbox 611 2431 2891 2522; baseline 0.001 -26"><span class='ocrx_word' id='word_1_121' title='bbox 611 2431 826 2498; x_wconf 87' lang='lat' dir='ltr'><strong>eidem</strong></span> <span class='ocrx_word' id='word_1_122' title='bbox 870 2431 1230 2498; x_wconf 89' lang='lat' dir='ltr'><strong>Willielmo</strong></span> <span class='ocrx_word' id='word_1_123' title='bbox 1273 2433 1417 2519; x_wconf 86' lang='lat' dir='ltr'><strong>regi</strong></span> <span class='ocrx_word' id='word_1_124' title='bbox 1462 2431 1706 2500; x_wconf 80' lang='lat' dir='ltr'><strong>Scotiae</strong></span> <span class='ocrx_word' id='word_1_125' title='bbox 1750 2431 1821 2498; x_wconf 87' lang='lat' dir='ltr'><strong>et</strong></span> <span class='ocrx_word' id='word_1_126' title='bbox 1865 2433 2219 2499; x_wconf 85' lang='lat' dir='ltr'><strong>heredibus</strong></span> <span class='ocrx_word' id='word_1_127' title='bbox 2267 2435 2405 2500; x_wconf 89' lang='lat' dir='ltr'><strong>suis</strong></span> <span class='ocrx_word' id='word_1_128' title='bbox 2448 2435 2525 2499; x_wconf 92' lang='lat' dir='ltr'><strong>in</strong></span> <span class='ocrx_word' id='word_1_129' title='bbox 2568 2457 2714 2522; x_wconf 88' lang='lat' dir='ltr'><strong>per-</strong></span> <span class='ocrx_word' id='word_1_130' title='bbox 2739 2472 2891 2517; x_wconf 83' lang='lat' dir='ltr'><strong>ment.</strong></span> 
     </span>
     <span class='ocr_line' id='line_1_17' title="bbox 279 2539 2715 2620; baseline -0 -18"><span class='ocrx_word' id='word_1_131' title='bbox 279 2554 541 2620; x_wconf 82' lang='lat' dir='ltr'><strong>Hoveden‚</strong></span> <span class='ocrx_word' id='word_1_132' title='bbox 609 2539 886 2620; x_wconf 75' lang='lat' dir='ltr'><strong>potuum</strong></span> <span class='ocrx_word' id='word_1_133' title='bbox 931 2543 1106 2614; x_wconf 93' lang='lat' dir='ltr'><strong>quod,</strong></span> <span class='ocrx_word' id='word_1_134' title='bbox 1146 2542 1607 2614; x_wconf 77' lang='lat' dir='ltr'><strong>quandocunque</strong></span> <span class='ocrx_word' id='word_1_135' title='bbox 1655 2543 1774 2614; x_wconf 85' lang='lat' dir='ltr'><strong>ipsi</strong></span> <span class='ocrx_word' id='word_1_136' title='bbox 1824 2560 1931 2614; x_wconf 87' lang='lat' dir='ltr'><strong>per</strong></span> <span class='ocrx_word' id='word_1_137' title='bbox 1980 2544 2494 2601; x_wconf 83' lang='lat' dir='ltr'><strong>summonitionem</strong></span> <span class='ocrx_word' id='word_1_138' title='bbox 2551 2546 2715 2618; x_wconf 83' lang='lat' dir='ltr'><strong>regis</strong></span> 
     </span>
    </p>
   </div>
   <div class='ocr_carea' id='block_1_11' title="bbox 279 2626 2717 2722">
    <p class='ocr_par' dir='ltr' id='par_1_11' title="bbox 279 2626 2717 2722">
     <span class='ocr_line' id='line_1_18' title="bbox 279 2626 2717 2722; baseline 0.003 -26"><span class='ocrx_word' id='word_1_139' title='bbox 279 2638 328 2686; x_wconf 84' lang='lat' dir='ltr'><strong>P·</strong></span> <span class='ocrx_word' id='word_1_140' title='bbox 353 2626 466 2674; x_wconf 77' lang='lat'><strong>⁷3⁸·</strong></span> <span class='ocrx_word' id='word_1_141' title='bbox 611 2642 848 2716; x_wconf 81' lang='lat' dir='ltr'><strong>Angliae</strong></span> <span class='ocrx_word' id='word_1_142' title='bbox 883 2645 960 2701; x_wconf 76' lang='lat' dir='ltr'><strong>ad</strong></span> <span class='ocrx_word' id='word_1_143' title='bbox 991 2635 1500 2722; x_wconf 76' lang='lat' dir='ltr'><strong>parliamentum</strong></span> <span class='ocrx_word' id='word_1_144' title='bbox 1543 2655 1660 2700; x_wconf 76' lang='lat' dir='ltr'><strong>seu</strong></span> <span class='ocrx_word' id='word_1_145' title='bbox 1694 2644 1922 2700; x_wconf 80' lang='lat' dir='ltr'><strong>curiam</strong></span> <span class='ocrx_word' id='word_1_146' title='bbox 1968 2663 2137 2702; x_wconf 83' lang='lat' dir='ltr'><strong>suam</strong></span> <span class='ocrx_word' id='word_1_147' title='bbox 2171 2646 2558 2714; x_wconf 81' lang='lat' dir='ltr'><strong>advenirent‚¹</strong></span> <span class='ocrx_word' id='word_1_148' title='bbox 2596 2649 2717 2720; x_wconf 89' lang='lat' dir='ltr'><strong>epi-</strong></span> 
     </span>
    </p>
   </div>
   <div class='ocr_carea' id='block_1_12' title="bbox 563 2735 3035 4156">
    <p class='ocr_par' dir='ltr' id='par_1_12' title="bbox 609 2735 3035 3484">
     <span class='ocr_line' id='line_1_19' title="bbox 613 2735 2715 2812; baseline 0.001 -20"><span class='ocrx_word' id='word_1_149' title='bbox 613 2753 825 2808; x_wconf 80' lang='lat' dir='ltr'><strong>scopus</strong></span> <span class='ocrx_word' id='word_1_150' title='bbox 861 2737 1274 2793; x_wconf 87' lang='lat' dir='ltr'><strong>Dunelmensis</strong></span> <span class='ocrx_word' id='word_1_151' title='bbox 1311 2741 1373 2792; x_wconf 87' lang='lat' dir='ltr'><strong>et</strong></span> <span class='ocrx_word' id='word_1_152' title='bbox 1405 2736 1729 2794; x_wconf 86' lang='lat' dir='ltr'><strong>vicecomes</strong></span> <span class='ocrx_word' id='word_1_153' title='bbox 1765 2735 2207 2794; x_wconf 79' lang='lat' dir='ltr'><strong>Northumbriae</strong></span> <span class='ocrx_word' id='word_1_154' title='bbox 2248 2740 2582 2812; x_wconf 86' lang='lat' dir='ltr'><strong>reciperent</strong></span> <span class='ocrx_word' id='word_1_155' title='bbox 2615 2756 2715 2796; x_wconf 87' lang='lat' dir='ltr'><strong>eos</strong></span> 
     </span>
     <span class='ocr_line' id='line_1_20' title="bbox 613 2819 2716 2897; baseline 0.002 -20"><span class='ocrx_word' id='word_1_156' title='bbox 613 2821 770 2893; x_wconf 77' lang='lat' dir='ltr'><strong>apud</strong></span> <span class='ocrx_word' id='word_1_157' title='bbox 786 2819 808 2852; x_wconf 79' lang='lat'>²</span> <span class='ocrx_word' id='word_1_158' title='bbox 842 2839 1056 2894; x_wconf 86' lang='lat' dir='ltr'><strong>aquam</strong></span> <span class='ocrx_word' id='word_1_159' title='bbox 1091 2821 1165 2877; x_wconf 88' lang='lat' dir='ltr'><strong>de</strong></span> <span class='ocrx_word' id='word_1_160' title='bbox 1201 2819 1430 2887; x_wconf 78' lang='lat' dir='ltr'><strong>Twede‚</strong></span> <span class='ocrx_word' id='word_1_161' title='bbox 1471 2826 1531 2876; x_wconf 90' lang='lat' dir='ltr'><strong>et</strong></span> <span class='ocrx_word' id='word_1_162' title='bbox 1564 2819 1628 2877; x_wconf 90' lang='lat' dir='ltr'><strong>in</strong></span> <span class='ocrx_word' id='word_1_163' title='bbox 1663 2819 1828 2879; x_wconf 76' lang='lat' dir='ltr'><strong>salvo</strong></span> <span class='ocrx_word' id='word_1_164' title='bbox 1856 2822 2148 2879; x_wconf 90' lang='lat' dir='ltr'><strong>conductu</strong></span> <span class='ocrx_word' id='word_1_165' title='bbox 2184 2821 2466 2880; x_wconf 83' lang='lat' dir='ltr'><strong>ducerent</strong></span> <span class='ocrx_word' id='word_1_166' title='bbox 2481 2821 2503 2855; x_wconf 80' lang='lat'>³</span> <span class='ocrx_word' id='word_1_167' title='bbox 2526 2841 2716 2897; x_wconf 85' lang='lat' dir='ltr'><strong>usque</strong></span> 
     </span>
     <span class='ocr_line' id='line_1_21' title="bbox 612 2904 2716 2979; baseline 0.001 -18"><span class='ocrx_word' id='word_1_168' title='bbox 612 2907 688 2961; x_wconf 86' lang='lat' dir='ltr'><strong>ad</strong></span> <span class='ocrx_word' id='word_1_169' title='bbox 723 2924 937 2978; x_wconf 82' lang='lat' dir='ltr'><strong>aquam</strong></span> <span class='ocrx_word' id='word_1_170' title='bbox 973 2906 1044 2962; x_wconf 89' lang='lat' dir='ltr'><strong>de</strong></span> <span class='ocrx_word' id='word_1_171' title='bbox 1079 2904 1253 2979; x_wconf 78' lang='lat' dir='ltr'><strong>Tyse,</strong></span> <span class='ocrx_word' id='word_1_172' title='bbox 1281 2911 1342 2961; x_wconf 83' lang='lat' dir='ltr'><strong>et</strong></span> <span class='ocrx_word' id='word_1_173' title='bbox 1375 2904 1461 2961; x_wconf 91' lang='lat' dir='ltr'><strong>ibi</strong></span> <span class='ocrx_word' id='word_1_174' title='bbox 1494 2904 1825 2977; x_wconf 87' lang='lat' dir='ltr'><strong>reciperent</strong></span> <span class='ocrx_word' id='word_1_175' title='bbox 1847 2924 1945 2963; x_wconf 90' lang='lat' dir='ltr'><strong>eos</strong></span> <span class='ocrx_word' id='word_1_176' title='bbox 1971 2906 2442 2979; x_wconf 78' lang='lat' dir='ltr'><strong>archiepiscopus</strong></span> <span class='ocrx_word' id='word_1_177' title='bbox 2480 2913 2541 2964; x_wconf 88' lang='lat' dir='ltr'><strong>et</strong></span> <span class='ocrx_word' id='word_1_178' title='bbox 2561 2910 2716 2965; x_wconf 90' lang='lat' dir='ltr'><strong>vice-</strong></span> 
     </span>
     <span class='ocr_line' id='line_1_22' title="bbox 613 2989 2715 3057; baseline 0.001 -11"><span class='ocrx_word' id='word_1_179' title='bbox 613 3008 806 3048; x_wconf 84' lang='lat' dir='ltr'><strong>comes</strong></span> <span class='ocrx_word' id='word_1_180' title='bbox 856 2990 1124 3057; x_wconf 79' lang='lat' dir='ltr'><strong>Eboraci,</strong></span> <span class='ocrx_word' id='word_1_181' title='bbox 1164 2996 1226 3046; x_wconf 92' lang='lat' dir='ltr'><strong>et</strong></span> <span class='ocrx_word' id='word_1_182' title='bbox 1276 2990 1339 3046; x_wconf 89' lang='lat' dir='ltr'><strong>in</strong></span> <span class='ocrx_word' id='word_1_183' title='bbox 1389 2989 1552 3046; x_wconf 78' lang='lat' dir='ltr'><strong>salvo</strong></span> <span class='ocrx_word' id='word_1_184' title='bbox 1604 2990 1894 3047; x_wconf 89' lang='lat' dir='ltr'><strong>conductu</strong></span> <span class='ocrx_word' id='word_1_185' title='bbox 1944 2990 2225 3047; x_wconf 86' lang='lat' dir='ltr'><strong>ducerent</strong></span> <span class='ocrx_word' id='word_1_186' title='bbox 2284 3008 2382 3049; x_wconf 88' lang='lat' dir='ltr'><strong>eos</strong></span> <span class='ocrx_word' id='word_1_187' title='bbox 2448 2992 2524 3048; x_wconf 90' lang='lat' dir='ltr'><strong>ad</strong></span> <span class='ocrx_word' id='word_1_188' title='bbox 2570 2993 2715 3049; x_wconf 88' lang='lat' dir='ltr'><strong>fines</strong></span> 
     </span>
     <span class='ocr_line' id='line_1_23' title="bbox 613 3074 2715 3147; baseline 0.001 -15"><span class='ocrx_word' id='word_1_189' title='bbox 613 3076 919 3132; x_wconf 82' lang='lat' dir='ltr'><strong>comitatus</strong></span> <span class='ocrx_word' id='word_1_190' title='bbox 969 3074 1376 3131; x_wconf 80' lang='lat' dir='ltr'><strong>Eboracensis.</strong></span> <span class='ocrx_word' id='word_1_191' title='bbox 1451 3075 1532 3130; x_wconf 83' lang='lat' dir='ltr'><strong>Et</strong></span> <span class='ocrx_word' id='word_1_192' title='bbox 1580 3074 1667 3131; x_wconf 86' lang='lat' dir='ltr'><strong>sic</strong></span> <span class='ocrx_word' id='word_1_193' title='bbox 1714 3092 1824 3146; x_wconf 83' lang='lat' dir='ltr'><strong>per</strong></span> <span class='ocrx_word' id='word_1_194' title='bbox 1873 3075 2176 3147; x_wconf 86' lang='lat' dir='ltr'><strong>episcopos</strong></span> <span class='ocrx_word' id='word_1_195' title='bbox 2227 3080 2290 3132; x_wconf 86' lang='lat' dir='ltr'><strong>et</strong></span> <span class='ocrx_word' id='word_1_196' title='bbox 2339 3076 2715 3134; x_wconf 75' lang='lat' dir='ltr'><strong>vicecomites</strong></span> 
     </span>
     <span class='ocr_line' id='line_1_24' title="bbox 613 3159 2717 3233; baseline 0.001 -18"><span class='ocrx_word' id='word_1_197' title='bbox 613 3160 967 3216; x_wconf 85' lang='lat' dir='ltr'><strong>ducerentur</strong></span> <span class='ocrx_word' id='word_1_198' title='bbox 1021 3160 1092 3215; x_wconf 91' lang='lat' dir='ltr'><strong>de</strong></span> <span class='ocrx_word' id='word_1_199' title='bbox 1147 3159 1428 3217; x_wconf 82' lang='lat' dir='ltr'><strong>comitatu</strong></span> <span class='ocrx_word' id='word_1_200' title='bbox 1479 3159 1543 3213; x_wconf 91' lang='lat' dir='ltr'><strong>in</strong></span> <span class='ocrx_word' id='word_1_201' title='bbox 1591 3159 1933 3215; x_wconf 76' lang='lat' dir='ltr'><strong>comitatum</strong></span> <span class='ocrx_word' id='word_1_202' title='bbox 1983 3160 2166 3215; x_wconf 90' lang='lat' dir='ltr'><strong>donec</strong></span> <span class='ocrx_word' id='word_1_203' title='bbox 2215 3162 2589 3233; x_wconf 82' lang='lat' dir='ltr'><strong>pervenerint</strong></span> <span class='ocrx_word' id='word_1_204' title='bbox 2642 3162 2717 3217; x_wconf 78' lang='lat' dir='ltr'><strong>ad</strong></span> 
     </span>
     <span class='ocr_line' id='line_1_25' title="bbox 611 3242 3035 3315; baseline 0.002 -16"><span class='ocrx_word' id='word_1_205' title='bbox 611 3246 837 3301; x_wconf 85' lang='lat' dir='ltr'><strong>curiam</strong></span> <span class='ocrx_word' id='word_1_206' title='bbox 885 3244 1107 3300; x_wconf 86' lang='lat' dir='ltr'><strong>domini</strong></span> <span class='ocrx_word' id='word_1_207' title='bbox 1155 3244 1318 3315; x_wconf 89' lang='lat' dir='ltr'><strong>regis</strong></span> <span class='ocrx_word' id='word_1_208' title='bbox 1368 3242 1623 3314; x_wconf 82' lang='lat' dir='ltr'><strong>Angliae.</strong></span> <span class='ocrx_word' id='word_1_209' title='bbox 1695 3242 1776 3298; x_wconf 84' lang='lat' dir='ltr'><strong>Et</strong></span> <span class='ocrx_word' id='word_1_210' title='bbox 1826 3243 2057 3313; x_wconf 83' lang='lat' dir='ltr'><strong>quando</strong></span> <span class='ocrx_word' id='word_1_211' title='bbox 2074 3243 2095 3275; x_wconf 86' lang='lat'><strong>⁴</strong></span> <span class='ocrx_word' id='word_1_212' title='bbox 2132 3261 2235 3299; x_wconf 86' lang='lat' dir='ltr'><strong>rex</strong></span> <span class='ocrx_word' id='word_1_213' title='bbox 2273 3243 2485 3301; x_wconf 79' lang='lat' dir='ltr'><strong>Scotiae</strong></span> <span class='ocrx_word' id='word_1_214' title='bbox 2535 3246 2715 3301; x_wconf 80' lang='lat' dir='ltr'><strong>intra-</strong></span> <span class='ocrx_word' id='word_1_215' title='bbox 2739 3255 3035 3308; x_wconf 76' lang='lat' dir='ltr'><strong>Allowance</strong></span> 
     </span>
     <span class='ocr_line' id='line_1_26' title="bbox 609 3324 3023 3402; baseline 0 -17"><span class='ocrx_word' id='word_1_216' title='bbox 609 3330 764 3385; x_wconf 86' lang='lat' dir='ltr'><strong>verit</strong></span> <span class='ocrx_word' id='word_1_217' title='bbox 814 3334 1034 3386; x_wconf 81' lang='lat' dir='ltr'><strong>terram</strong></span> <span class='ocrx_word' id='word_1_218' title='bbox 1087 3328 1248 3401; x_wconf 88' lang='lat' dir='ltr'><strong>regis</strong></span> <span class='ocrx_word' id='word_1_219' title='bbox 1295 3325 1549 3397; x_wconf 84' lang='lat' dir='ltr'><strong>Angliae,</strong></span> <span class='ocrx_word' id='word_1_220' title='bbox 1589 3325 1831 3381; x_wconf 83' lang='lat' dir='ltr'><strong>habebit</strong></span> <span class='ocrx_word' id='word_1_221' title='bbox 1883 3326 2143 3398; x_wconf 88' lang='lat' dir='ltr'><strong>quotidie</strong></span> <span class='ocrx_word' id='word_1_222' title='bbox 2199 3328 2271 3384; x_wconf 89' lang='lat' dir='ltr'><strong>dc</strong></span> <span class='ocrx_word' id='word_1_223' title='bbox 2320 3328 2501 3385; x_wconf 87' lang='lat' dir='ltr'><strong>bursa</strong></span> <span class='ocrx_word' id='word_1_224' title='bbox 2548 3330 2712 3401; x_wconf 88' lang='lat' dir='ltr'><strong>regis</strong></span> <span class='ocrx_word' id='word_1_225' title='bbox 2736 3330 2789 3402; x_wconf 68' lang='lat' dir='ltr'><strong>tq</strong></span> <span class='ocrx_word' id='word_1_226' title='bbox 2812 3324 2921 3375; x_wconf 75' lang='lat' dir='ltr'><strong>him</strong></span> <span class='ocrx_word' id='word_1_227' title='bbox 2943 3326 3023 3375; x_wconf 80' lang='lat' dir='ltr'><strong>for</strong></span> 
     </span>
     <span class='ocr_line' id='line_1_27' title="bbox 609 3392 2857 3484; baseline 0 -16"><span class='ocrx_word' id='word_1_228' title='bbox 609 3412 843 3484; x_wconf 79' lang='lat' dir='ltr'><strong>Angliae</strong></span> <span class='ocrx_word' id='word_1_229' title='bbox 879 3419 1112 3470; x_wconf 87' lang='lat' dir='ltr'><strong>centum</strong></span> <span class='ocrx_word' id='word_1_230' title='bbox 1147 3408 1366 3470; x_wconf 85' lang='lat' dir='ltr'><strong>solidos</strong></span> <span class='ocrx_word' id='word_1_231' title='bbox 1401 3428 1508 3482; x_wconf 88' lang='lat' dir='ltr'><strong>pro</strong></span> <span class='ocrx_word' id='word_1_232' title='bbox 1524 3408 1545 3442; x_wconf 81' lang='lat'><strong>¹⁵</strong></span> <span class='ocrx_word' id='word_1_233' title='bbox 1579 3409 1944 3466; x_wconf 87' lang='lat' dir='ltr'><strong>liberatione.</strong></span> <span class='ocrx_word' id='word_1_234' title='bbox 2021 3409 2173 3466; x_wconf 85' lang='lat' dir='ltr'><strong>Cum</strong></span> <span class='ocrx_word' id='word_1_235' title='bbox 2205 3415 2400 3467; x_wconf 87' lang='lat' dir='ltr'><strong>autem</strong></span> <span class='ocrx_word' id='word_1_236' title='bbox 2432 3430 2539 3469; x_wconf 83' lang='lat' dir='ltr'><strong>rex</strong></span> <span class='ocrx_word' id='word_1_237' title='bbox 2578 3413 2713 3469; x_wconf 86' lang='lat' dir='ltr'><strong>Sco·</strong></span> <span class='ocrx_word' id='word_1_238' title='bbox 2736 3392 2857 3443; x_wconf 59' lang='lat'><strong>‘²¹²²’</strong></span> 
     </span>
    </p>

    <p class='ocr_par' dir='ltr' id='par_1_13' title="bbox 563 3495 2717 4156">
     <span class='ocr_line' id='line_1_28' title="bbox 563 3495 2715 3570; baseline 0 -18"><span class='ocrx_word' id='word_1_239' title='bbox 563 3532 570 3539; x_wconf 92' lang='lat'><em>-</em></span> <span class='ocrx_word' id='word_1_240' title='bbox 609 3499 709 3554; x_wconf 75' lang='lat' dir='ltr'><strong>tiae</strong></span> <span class='ocrx_word' id='word_1_241' title='bbox 743 3499 820 3555; x_wconf 81' lang='lat' dir='ltr'><strong>ad</strong></span> <span class='ocrx_word' id='word_1_242' title='bbox 853 3498 1080 3554; x_wconf 87' lang='lat' dir='ltr'><strong>curiam</strong></span> <span class='ocrx_word' id='word_1_243' title='bbox 1113 3498 1276 3570; x_wconf 85' lang='lat' dir='ltr'><strong>regis</strong></span> <span class='ocrx_word' id='word_1_244' title='bbox 1311 3495 1548 3567; x_wconf 78' lang='lat' dir='ltr'><strong>Angliae</strong></span> <span class='ocrx_word' id='word_1_245' title='bbox 1581 3495 1933 3567; x_wconf 88' lang='lat' dir='ltr'><strong>pervenerit,</strong></span> <span class='ocrx_word' id='word_1_246' title='bbox 1974 3495 2255 3566; x_wconf 81' lang='lat' dir='ltr'><strong>quamdiu</strong></span> <span class='ocrx_word' id='word_1_247' title='bbox 2288 3497 2417 3568; x_wconf 90' lang='lat' dir='ltr'><strong>ipse</strong></span> <span class='ocrx_word' id='word_1_248' title='bbox 2452 3498 2517 3552; x_wconf 90' lang='lat' dir='ltr'><strong>in</strong></span> <span class='ocrx_word' id='word_1_249' title='bbox 2549 3499 2715 3554; x_wconf 86' lang='lat' dir='ltr'><strong>curia</strong></span> 
     </span>
     <span class='ocr_line' id='line_1_29' title="bbox 609 3578 2711 3653; baseline 0 -17"><span class='ocrx_word' id='word_1_250' title='bbox 609 3582 775 3653; x_wconf 69' lang='lat' dir='ltr'><strong>regis⁴</strong></span> <span class='ocrx_word' id='word_1_251' title='bbox 806 3582 1042 3653; x_wconf 80' lang='lat' dir='ltr'><strong>Angliae</strong></span> <span class='ocrx_word' id='word_1_252' title='bbox 1087 3598 1312 3637; x_wconf 75' lang='lat' dir='ltr'><strong>moram</strong></span> <span class='ocrx_word' id='word_1_253' title='bbox 1364 3579 1600 3645; x_wconf 73' lang='lat' dir='ltr'><strong>fecerit,</strong></span> <span class='ocrx_word' id='word_1_254' title='bbox 1629 3579 1870 3634; x_wconf 76' lang='lat' dir='ltr'><strong>habebit</strong></span> <span class='ocrx_word' id='word_1_255' title='bbox 1912 3578 2173 3649; x_wconf 86' lang='lat' dir='ltr'><strong>quotidie</strong></span> <span class='ocrx_word' id='word_1_256' title='bbox 2190 3578 2211 3611; x_wconf 79' lang='lat'>⁶</span> <span class='ocrx_word' id='word_1_257' title='bbox 2247 3580 2319 3635; x_wconf 86' lang='lat'><strong>30</strong></span> <span class='ocrx_word' id='word_1_258' title='bbox 2353 3581 2591 3648; x_wconf 84' lang='lat' dir='ltr'><strong>solidos,</strong></span> <span class='ocrx_word' id='word_1_259' title='bbox 2642 3582 2711 3637; x_wconf 83' lang='lat'><strong>12</strong></span> 
     </span>
     <span class='ocr_line' id='line_1_30' title="bbox 609 3663 2717 3731; baseline -0 -8"><span class='ocrx_word' id='word_1_260' title='bbox 609 3666 900 3723; x_wconf 78' lang='lat' dir='ltr'><strong>wastellos</strong></span> <span class='ocrx_word' id='word_1_261' title='bbox 936 3664 1276 3731; x_wconf 85' lang='lat' dir='ltr'><strong>dominicos,</strong></span> <span class='ocrx_word' id='word_1_262' title='bbox 1303 3663 1374 3718; x_wconf 85' lang='lat'><strong>12</strong></span> <span class='ocrx_word' id='word_1_263' title='bbox 1411 3663 1710 3719; x_wconf 85' lang='lat' dir='ltr'><strong>simnellos</strong></span> <span class='ocrx_word' id='word_1_264' title='bbox 1746 3663 2085 3728; x_wconf 90' lang='lat' dir='ltr'><strong>dominicos,</strong></span> <span class='ocrx_word' id='word_1_265' title='bbox 2124 3664 2161 3716; x_wconf 86' lang='lat'><em>4</em></span> <span class='ocrx_word' id='word_1_266' title='bbox 2198 3663 2469 3720; x_wconf 79' lang='lat' dir='ltr'><strong>cisteria⁷</strong></span> <span class='ocrx_word' id='word_1_267' title='bbox 2505 3666 2580 3729; x_wconf 88' lang='lat' dir='ltr'><strong>de</strong></span> <span class='ocrx_word' id='word_1_268' title='bbox 2614 3667 2717 3722; x_wconf 87' lang='lat' dir='ltr'><strong>do-</strong></span> 
     </span>
     <span class='ocr_line' id='line_1_31' title="bbox 609 3734 2712 3821; baseline 0 -16"><span class='ocrx_word' id='word_1_269' title='bbox 609 3734 826 3805; x_wconf 76' lang='lat' dir='ltr'><strong>minico</strong></span> <span class='ocrx_word' id='word_1_270' title='bbox 860 3750 997 3805; x_wconf 92' lang='lat' dir='ltr'><strong>vino</strong></span> <span class='ocrx_word' id='word_1_271' title='bbox 1031 3748 1214 3821; x_wconf 82' lang='lat' dir='ltr'><strong>regie,</strong></span> <span class='ocrx_word' id='word_1_272' title='bbox 1253 3747 1290 3803; x_wconf 91' lang='lat'>8</span> <span class='ocrx_word' id='word_1_273' title='bbox 1326 3744 1603 3803; x_wconf 82' lang='lat' dir='ltr'><strong>cisteria⁷</strong></span> <span class='ocrx_word' id='word_1_274' title='bbox 1639 3746 1710 3802; x_wconf 89' lang='lat' dir='ltr'><strong>de</strong></span> <span class='ocrx_word' id='word_1_275' title='bbox 1745 3748 1885 3804; x_wconf 85' lang='lat' dir='ltr'><strong>vino</strong></span> <span class='ocrx_word' id='word_1_276' title='bbox 1922 3746 2296 3819; x_wconf 84' lang='lat' dir='ltr'><strong>expensabili,</strong></span> <span class='ocrx_word' id='word_1_277' title='bbox 2337 3749 2371 3803; x_wconf 85' lang='lat'><strong>2</strong></span> <span class='ocrx_word' id='word_1_278' title='bbox 2407 3738 2589 3805; x_wconf 67' lang='lat' dir='ltr'><strong>libres</strong></span> <span class='ocrx_word' id='word_1_279' title='bbox 2637 3751 2712 3805; x_wconf 89' lang='lat' dir='ltr'><strong>de</strong></span> 
     </span>
     <span class='ocr_line' id='line_1_32' title="bbox 608 3829 2711 3906; baseline 0.001 -19"><span class='ocrx_word' id='word_1_280' title='bbox 608 3835 831 3906; x_wconf 87' lang='lat' dir='ltr'><strong>pipere,</strong></span> <span class='ocrx_word' id='word_1_281' title='bbox 869 3833 907 3888; x_wconf 83' lang='lat'><em>4</em></span> <span class='ocrx_word' id='word_1_282' title='bbox 940 3832 1122 3889; x_wconf 85' lang='lat' dir='ltr'><strong>libras</strong></span> <span class='ocrx_word' id='word_1_283' title='bbox 1159 3829 1232 3887; x_wconf 91' lang='lat' dir='ltr'><strong>de</strong></span> <span class='ocrx_word' id='word_1_284' title='bbox 1268 3830 1500 3897; x_wconf 86' lang='lat' dir='ltr'><strong>cinim0,</strong></span> <span class='ocrx_word' id='word_1_285' title='bbox 1541 3831 1576 3885; x_wconf 83' lang='lat'>2</span> <span class='ocrx_word' id='word_1_286' title='bbox 1614 3836 1811 3902; x_wconf 88' lang='lat' dir='ltr'><strong>petras</strong></span> <span class='ocrx_word' id='word_1_287' title='bbox 1864 3831 1937 3885; x_wconf 89' lang='lat' dir='ltr'><strong>de</strong></span> <span class='ocrx_word' id='word_1_288' title='bbox 1986 3848 2139 3897; x_wconf 86' lang='lat' dir='ltr'><strong>cera,</strong></span> <span class='ocrx_word' id='word_1_289' title='bbox 2177 3832 2275 3887; x_wconf 88' lang='lat' dir='ltr'><strong>vel</strong></span> <span class='ocrx_word' id='word_1_290' title='bbox 2308 3832 2346 3887; x_wconf 83' lang='lat'><em>4</em></span> <span class='ocrx_word' id='word_1_291' title='bbox 2382 3851 2599 3899; x_wconf 91' lang='lat' dir='ltr'><strong>cereos,</strong></span> <span class='ocrx_word' id='word_1_292' title='bbox 2638 3835 2711 3890; x_wconf 86' lang='lat'><strong>40</strong></span> 
     </span>
     <span class='ocr_line' id='line_1_33' title="bbox 609 3914 2713 3989; baseline -0.001 -16"><span class='ocrx_word' id='word_1_293' title='bbox 609 3935 846 3989; x_wconf 85' lang='lat' dir='ltr'><strong>grossos</strong></span> <span class='ocrx_word' id='word_1_294' title='bbox 884 3922 944 3974; x_wconf 88' lang='lat' dir='ltr'><strong>et</strong></span> <span class='ocrx_word' id='word_1_295' title='bbox 975 3916 1184 3988; x_wconf 83' lang='lat' dir='ltr'><strong>longos</strong></span> <span class='ocrx_word' id='word_1_296' title='bbox 1221 3916 1498 3988; x_wconf 83' lang='lat' dir='ltr'><strong>culpones</strong></span> <span class='ocrx_word' id='word_1_297' title='bbox 1548 3914 1622 3969; x_wconf 89' lang='lat' dir='ltr'><strong>de</strong></span> <span class='ocrx_word' id='word_1_298' title='bbox 1669 3914 1961 3970; x_wconf 86' lang='lat' dir='ltr'><strong>dominica</strong></span> <span class='ocrx_word' id='word_1_299' title='bbox 1996 3932 2131 3970; x_wconf 79' lang='lat' dir='ltr'><strong>cera</strong></span> <span class='ocrx_word' id='word_1_300' title='bbox 2163 3915 2346 3988; x_wconf 88' lang='lat' dir='ltr'><strong>regis,</strong></span> <span class='ocrx_word' id='word_1_301' title='bbox 2386 3923 2448 3973; x_wconf 92' lang='lat' dir='ltr'><strong>et</strong></span> <span class='ocrx_word' id='word_1_302' title='bbox 2479 3918 2553 3973; x_wconf 88' lang='lat'><strong>80</strong></span> <span class='ocrx_word' id='word_1_303' title='bbox 2589 3918 2713 3973; x_wconf 80' lang='lat' dir='ltr'><strong>cul-</strong></span> 
     </span>
     <span class='ocr_line' id='line_1_34' title="bbox 607 3998 2710 4075; baseline 0 -18"><span class='ocrx_word' id='word_1_304' title='bbox 607 4019 787 4075; x_wconf 86' lang='lat' dir='ltr'><strong>pones</strong></span> <span class='ocrx_word' id='word_1_305' title='bbox 841 4002 916 4057; x_wconf 90' lang='lat' dir='ltr'><strong>de</strong></span> <span class='ocrx_word' id='word_1_306' title='bbox 969 4000 1088 4058; x_wconf 82' lang='lat' dir='ltr'><strong>alia</strong></span> <span class='ocrx_word' id='word_1_307' title='bbox 1138 4000 1379 4056; x_wconf 79' lang='lat' dir='ltr'><strong>candela</strong></span> <span class='ocrx_word' id='word_1_308' title='bbox 1427 3998 1809 4070; x_wconf 79' lang='lat' dir='ltr'><strong>expensabili.</strong></span> <span class='ocrx_word' id='word_1_309' title='bbox 1883 3998 1965 4054; x_wconf 81' lang='lat' dir='ltr'><strong>Et</strong></span> <span class='ocrx_word' id='word_1_310' title='bbox 1999 4016 2135 4054; x_wconf 90' lang='lat' dir='ltr'><strong>cum</strong></span> <span class='ocrx_word' id='word_1_311' title='bbox 2170 4000 2298 4071; x_wconf 87' lang='lat' dir='ltr'><strong>ipse</strong></span> <span class='ocrx_word' id='word_1_312' title='bbox 2345 4001 2409 4055; x_wconf 91' lang='lat' dir='ltr'><strong>in</strong></span> <span class='ocrx_word' id='word_1_313' title='bbox 2457 4001 2710 4071; x_wconf 72' lang='lat' dir='ltr'><strong>patriam</strong></span> 
     </span>
     <span class='ocr_line' id='line_1_35' title="bbox 610 4082 2708 4156; baseline -0.001 -12"><span class='ocrx_word' id='word_1_314' title='bbox 610 4105 776 4145; x_wconf 80' lang='lat' dir='ltr'><strong>suam</strong></span> <span class='ocrx_word' id='word_1_315' title='bbox 810 4086 1006 4143; x_wconf 85' lang='lat' dir='ltr'><strong>redire</strong></span> <span class='ocrx_word' id='word_1_316' title='bbox 1039 4084 1312 4150; x_wconf 90' lang='lat' dir='ltr'><strong>voluerit,</strong></span> <span class='ocrx_word' id='word_1_317' title='bbox 1352 4082 1700 4140; x_wconf 80' lang='lat' dir='ltr'><strong>duceretur⁸</strong></span> <span class='ocrx_word' id='word_1_318' title='bbox 1737 4101 1844 4155; x_wconf 89' lang='lat' dir='ltr'><strong>per</strong></span> <span class='ocrx_word' id='word_1_319' title='bbox 1897 4084 2203 4156; x_wconf 87' lang='lat' dir='ltr'><strong>episcopos</strong></span> <span class='ocrx_word' id='word_1_320' title='bbox 2239 4090 2301 4141; x_wconf 91' lang='lat' dir='ltr'><strong>et</strong></span> <span class='ocrx_word' id='word_1_321' title='bbox 2334 4086 2708 4142; x_wconf 88' lang='lat' dir='ltr'><strong>vicecomites</strong></span> 
     </span>
    </p>
   </div>
   <div class='ocr_carea' id='block_1_13' title="bbox 1861 4271 2082 4279">
    <p class='ocr_par' dir='ltr' id='par_1_14' title="bbox 1861 4271 2082 4279">
     <span class='ocr_line' id='line_1_36' title="bbox 1861 4271 2082 4279; baseline 0 0"><span class='ocrx_word' id='word_1_322' title='bbox 1861 4271 2082 4279; x_wconf 95' lang='lat' dir='ltr'><strong> </strong></span> 
     </span>
    </p>
   </div>
   <div class='ocr_carea' id='block_1_14' title="bbox 677 4395 2708 4467">
    <p class='ocr_par' dir='ltr' id='par_1_15' title="bbox 677 4395 2708 4467">
     <span class='ocr_line' id='line_1_37' title="bbox 677 4395 2708 4467; baseline -0.001 -16"><span class='ocrx_word' id='word_1_323' title='bbox 677 4403 692 4433; x_wconf 92' lang='lat'>¹</span> <span class='ocrx_word' id='word_1_324' title='bbox 726 4400 1034 4467; x_wconf 79' lang='lat' dir='ltr'><strong>advenirent]</strong></span> <span class='ocrx_word' id='word_1_325' title='bbox 1069 4399 1314 4461; x_wconf 86' lang='lat' dir='ltr'><strong>venirent,</strong></span> <span class='ocrx_word' id='word_1_326' title='bbox 1337 4398 1406 4450; x_wconf 83' lang='lat' dir='ltr'><strong>H.</strong></span> <span class='ocrx_word' id='word_1_327' title='bbox 1772 4398 1792 4426; x_wconf 82' lang='lat'>⁶</span> <span class='ocrx_word' id='word_1_328' title='bbox 1824 4395 1978 4448; x_wconf 79' lang='lat' dir='ltr'><strong>Aster</strong></span> <span class='ocrx_word' id='word_1_329' title='bbox 2010 4396 2220 4463; x_wconf 74' lang='lat' dir='ltr'><strong>quotidie</strong></span> <span class='ocrx_word' id='word_1_330' title='bbox 2239 4398 2400 4454; x_wconf 80' lang='lat' dir='ltr'><strong>insert</strong></span> <span class='ocrx_word' id='word_1_331' title='bbox 2429 4400 2493 4451; x_wconf 88' lang='lat' dir='ltr'><strong>de</strong></span> <span class='ocrx_word' id='word_1_332' title='bbox 2526 4399 2708 4451; x_wconf 81' lang='lat' dir='ltr'><strong>libera-</strong></span> 
     </span>
    </p>
   </div>
   <div class='ocr_carea' id='block_1_15' title="bbox 671 4474 2554 4786">
    <p class='ocr_par' dir='ltr' id='par_1_16' title="bbox 674 4474 1949 4545">
     <span class='ocr_line' id='line_1_38' title="bbox 674 4474 1949 4545; baseline -0.001 -16"><span class='ocrx_word' id='word_1_333' title='bbox 674 4482 695 4510; x_wconf 81' lang='lat'><em>²</em></span> <span class='ocrx_word' id='word_1_334' title='bbox 727 4496 804 4529; x_wconf 71' lang='lat' dir='ltr'><strong>cos</strong></span> <span class='ocrx_word' id='word_1_335' title='bbox 825 4480 985 4545; x_wconf 71' lang='lat' dir='ltr'><strong>apud]</strong></span> <span class='ocrx_word' id='word_1_336' title='bbox 1023 4494 1140 4530; x_wconf 88' lang='lat' dir='ltr'><strong>eum</strong></span> <span class='ocrx_word' id='word_1_337' title='bbox 1161 4480 1240 4539; x_wconf 77' lang='lat' dir='ltr'><strong>ad,</strong></span> <span class='ocrx_word' id='word_1_338' title='bbox 1267 4478 1337 4528; x_wconf 90' lang='lat' dir='ltr'><strong>H.</strong></span> <span class='ocrx_word' id='word_1_339' title='bbox 1698 4474 1855 4538; x_wconf 82' lang='lat' dir='ltr'><strong>tione,</strong></span> <span class='ocrx_word' id='word_1_340' title='bbox 1878 4478 1949 4529; x_wconf 85' lang='lat' dir='ltr'><strong>H.</strong></span> 
     </span>
    </p>

    <p class='ocr_par' dir='ltr' id='par_1_17' title="bbox 673 4556 2408 4623">
     <span class='ocr_line' id='line_1_39' title="bbox 673 4556 2408 4623; baseline 0.001 -14"><span class='ocrx_word' id='word_1_341' title='bbox 673 4560 694 4589; x_wconf 84' lang='lat'>⁸</span> <span class='ocrx_word' id='word_1_342' title='bbox 727 4558 878 4609; x_wconf 73' lang='lat' dir='ltr'><strong>After</strong></span> <span class='ocrx_word' id='word_1_343' title='bbox 898 4558 1125 4609; x_wconf 78' lang='lat' dir='ltr'><strong>ducerent</strong></span> <span class='ocrx_word' id='word_1_344' title='bbox 1144 4558 1301 4609; x_wconf 84' lang='lat' dir='ltr'><strong>insert</strong></span> <span class='ocrx_word' id='word_1_345' title='bbox 1321 4572 1422 4620; x_wconf 77' lang='lat' dir='ltr'><strong>coe,</strong></span> <span class='ocrx_word' id='word_1_346' title='bbox 1444 4556 1516 4609; x_wconf 89' lang='lat' dir='ltr'><strong>H.</strong></span> <span class='ocrx_word' id='word_1_347' title='bbox 1770 4560 1787 4587; x_wconf 77' lang='lat'><strong>¹</strong></span> <span class='ocrx_word' id='word_1_348' title='bbox 1822 4557 2046 4623; x_wconf 73' lang='lat' dir='ltr'><strong>cisteria]</strong></span> <span class='ocrx_word' id='word_1_349' title='bbox 2086 4558 2316 4623; x_wconf 78' lang='lat' dir='ltr'><strong>sextaria,</strong></span> <span class='ocrx_word' id='word_1_350' title='bbox 2339 4556 2408 4610; x_wconf 89' lang='lat' dir='ltr'><strong>H.</strong></span> 
     </span>
    </p>

    <p class='ocr_par' dir='ltr' id='par_1_18' title="bbox 671 4636 2554 4786">
     <span class='ocr_line' id='line_1_40' title="bbox 671 4636 2554 4705; baseline 0.002 -18"><span class='ocrx_word' id='word_1_351' title='bbox 671 4640 692 4671; x_wconf 83' lang='lat'><strong>⁴</strong></span> <span class='ocrx_word' id='word_1_352' title='bbox 723 4637 943 4705; x_wconf 80' lang='lat' dir='ltr'><strong>quando]</strong></span> <span class='ocrx_word' id='word_1_353' title='bbox 979 4654 1048 4689; x_wconf 87' lang='lat' dir='ltr'><strong>ex</strong></span> <span class='ocrx_word' id='word_1_354' title='bbox 1068 4654 1184 4704; x_wconf 85' lang='lat' dir='ltr'><strong>quo,</strong></span> <span class='ocrx_word' id='word_1_355' title='bbox 1206 4638 1274 4689; x_wconf 88' lang='lat' dir='ltr'><strong>H.</strong></span> <span class='ocrx_word' id='word_1_356' title='bbox 1772 4637 1793 4667; x_wconf 78' lang='lat'>⁸</span> <span class='ocrx_word' id='word_1_357' title='bbox 1825 4636 2105 4704; x_wconf 77' lang='lat' dir='ltr'><strong>duceretur]</strong></span> <span class='ocrx_word' id='word_1_358' title='bbox 2144 4640 2462 4701; x_wconf 84' lang='lat' dir='ltr'><strong>conducetur,</strong></span> <span class='ocrx_word' id='word_1_359' title='bbox 2486 4638 2554 4690; x_wconf 91' lang='grc' dir='ltr'><strong>Η.</strong></span> 
     </span>
     <span class='ocr_line' id='line_1_41' title="bbox 672 4718 1049 4786; baseline 0 -17"><span class='ocrx_word' id='word_1_360' title='bbox 672 4722 696 4751; x_wconf 74' lang='lat'>⁵</span> <span class='ocrx_word' id='word_1_361' title='bbox 716 4720 842 4786; x_wconf 81' lang='lat' dir='ltr'><strong>pro]</strong></span> <span class='ocrx_word' id='word_1_362' title='bbox 879 4718 960 4783; x_wconf 87' lang='lat' dir='ltr'><strong>de,</strong></span> <span class='ocrx_word' id='word_1_363' title='bbox 979 4718 1049 4769; x_wconf 82' lang='lat' dir='ltr'><strong>H.</strong></span> 
     </span>
    </p>
   </div>
   <div class='ocr_carea' id='block_1_16' title="bbox 2316 4802 2440 4865">
    <p class='ocr_par' dir='ltr' id='par_1_19' title="bbox 2316 4802 2440 4865">
     <span class='ocr_line' id='line_1_42' title="bbox 2316 4802 2440 4865; baseline -0.008 0"><span class='ocrx_word' id='word_1_364' title='bbox 2316 4802 2440 4865; x_wconf 83' lang='lat' dir='ltr'><strong>s2</strong></span> 
     </span>
    </p>
   </div>
  </div>
 </body>
</html>
