3519 5734
1229 792 1598 844 rmmrrus
1641 792 1862 843 ABBAs
1908 791 2287 846 smunnus.
2676 780 2806 855 187

711 976 961 1048 rentur,
991 974 1061 1035 et
1110 970 1252 1057 ipse
1279 969 1799 1056 archiepiscopus
1830 970 2099 1035 omnino
2129 950 2448 1037 as'sentire
2476 970 2809 1051 noluisset,
2832 981 2970 1034 AD.
2986 987 3107 1035 1161

711 1078 944 1139 contra
972 1094 1042 1139 se
1084 1074 1258 1160 regis
1283 1072 1452 1137 iram
1479 1072 1724 1138 iterum
1768 1073 2171 1160 provocavit.
2240 1074 2539 1161 Rogerus
2581 1080 2809 1141 tamen
2829 1058 2889 1102 '¹
2903 1052 2998 1101 ¹⁷⁰

715 1174 1236 1263 archiepiscopus
1303 1175 1746 1251 Eboracensis,
1820 1174 2143 1241 Hillarius
2211 1177 2551 1263 episcopus
2597 1176 2811 1245 Cices-

717 1279 979 1357 trensis,
1022 1283 1092 1344 et
1158 1278 1496 1365 episcopus
1541 1278 2032 1355 Londoniensis,
2080 1277 2282 1365 regiae
2345 1277 2674 1345 exactioni
2742 1302 2811 1345 se

709 1386 942 1467 sponte
987 1380 1452 1461 submiserunt,
1483 1384 1565 1445 ut
1607 1400 1835 1445 eorum
1881 1378 2183 1467 exemplo
2212 1386 2561 1468 conceptus
2598 1382 2811 1449 cordis

711 1482 978 1550 Thomae
1023 1482 1489 1569 archiepiscopi
1527 1481 1789 1549 facilius
1832 1482 2225 1549 flecteretur.

713 1788 866 1856 CAP.
901 1788 1020 1853 XI.
1068 1788 1169 1853 Dc
1214 1786 1536 1855 micabis
1581 1788 1707 1875 qui
1735 1787 2039 1875 fuco-‘emt
2068 1806 2287 1854 casoesae
2318 1786 2768 1855 dissensionis
2785 1814 2813 1868 ;

887 1892 967 1958 dc
1011 1890 1302 1957 οσησὶῡὶο
1343 1890 1542 1977 apud
1581 1888 2243 1977 Northannptoniam
2310 1898 2549 1958 contra
2590 1890 2813 1957 archi-

889 1993 1278 2082 episcopum
1299 2020 1327 2074 ;
1395 1992 1476 2060 dc
1533 1993 1995 2079 resiynatione
2062 1992 2685 2081 archiepiscopatus
2727 1994 2814 2059 'im

886 2118 1142 2163 mamm
1187 2096 1466 2163 dom‘bni
1502 2118 1711 2184 papoe
1734 2119 1765 2177 ,·
1831 2103 1892 2163 et
1954 2094 2035 2163 de
2080 2096 2313 2183 litiyio
2357 2116 2585 2163 coram
2620 2118 2815 2183 papa

887 2198 1074 2266 ‘mter
1117 2198 1701 2286 archiepiscopum
1743 2204 1805 2265 et
1834 2196 2169 2287 episcopos
2212 2200 2503 2265 nmmos
2546 2198 2736 2284 rcyis.

799 2384 1104 2464 Quadam
1147 2384 1358 2470 igitur
1401 2384 1546 2449 vice
1591 2404 2049 2470 perversorum
2094 2382 2545 2449 consultorum
2590 2384 2810 2451 incen-
2834 2402 3069 2455 Becket’s

708 2488 870 2553 tivis
911 2490 1322 2574 provocatus,
1372 2486 1658 2551 Thomas
1717 2486 2239 2573 archiepiscopus
2297 2469 2562 2573 absque
2588 2488 2811 2553 condi·
2832 2469 3127 2604 ξέξξξξξξε

707 2590 893 2655 tione
937 2610 1275 2655 assensum
1319 2589 1609 2675 praebuit
1636 2587 1843 2654 verbo
1886 2590 2073 2675 regis.
2167 2588 2260 2653 Et
2302 2610 2453 2654 cum
2480 2610 2603 2655 rex
2632 2591 2811 2676 apud
2834 2603 3039 2667 yielded

711 2691 1196 2758 clarendonam
1256 2694 1514 2778 peteret
1575 2690 2043 2778 archiepiscopi
2104 2692 2481 2778 pactionem
2554 2692 2812 2779 publice
2832 2672 3007 2788 ζξζξζέ
3026 2744 3079 2789 to

709 2794 990 2876 recitari,
1035 2792 1554 2880 archiepiscopus
1620 2816 1706 2859 ex
1766 2795 1887 2860 hoc
1946 2793 2181 2860 videns
2224 2795 2595 2861 animarum
2640 2796 2811 2885 peri-
2834 2804 2919 2853 the
2941 2803 3113 2872 king’s

712 2896 932 2963 culum
999 2897 1360 2977 imminere,
1429 2897 1714 2984 seipsum
1782 2898 2207 2985 postmodum
2268 2901 2343 2964 in
2414 2898 2812 2986 poenitentia
2834 2873 3099 2989 ffiffih'

710 3001 980 3088 gravius
1048 3000 1388 3079 cruciavit,
1455 3005 1524 3066 et
1587 3001 1672 3066 ab
1745 3000 1977 3067 altaris
2039 3001 2251 3068 officio
2316 3024 2385 3068 se
2446 3002 2811 3090 suspendit,

710 3125 1048 3190 quousque
1093 3127 1136 3168 a·
1178 3124 1434 3169 summo
1496 3103 1809 3189 pontifice
1874 3104 2137 3168 restitui
2198 3111 2571 3170 mereretur.
2664 3104 2811 3170 Rex
2833 3124 3058 3176 Artieles

711 3211 938 3272 autem
997 3206 1087 3272 ad
1151 3206 1274 3274 hoc
1335 3204 1700 3272 elaboravit
1766 3211 1849 3272 ut
1913 3206 2203 3272 ecclesiae
2264 3207 2537 3272 libertas
2580 3206 2656 3271 in
2696 3207 2811 3293 jus
2832 3192 3138 3311 ffigffi}

709 3310 966 3397 regium
1032 3309 1454 3398 redigeretur.
1548 3308 1660 3392 Ita
1702 3309 2014 3375 videlieet
2081 3309 2259 3396 quod
2324 3331 2463 3376 non
2522 3309 2810 3396 appella-
2834 3325 2921 3376 the
2937 3325 3140 3378 elam-ch.

709 3418 896 3478 retur
939 3414 1027 3481 ad
1069 3414 1290 3480 sedem
1335 3413 1758 3500 apostolicam
1825 3413 1967 3478 sine
2031 3413 2301 3479 licentia
2362 3414 2573 3500 regis3
2634 3416 2811 3499 quod

710 3537 846 3581 non
909 3516 1138 3582 liceret
1201 3517 1501 3603 episcopo
1568 3517 2135 3582 excommunicare
2201 3515 2487 3602 aliquem
2551 3518 2665 3603 qui
2730 3516 2811 3582 de

710 3639 860 3704 rege
903 3623 1164 3685 teneret
1205 3619 1280 3683 in
1323 3617 1558 3706 capite,
1603 3618 1745 3684 sine
1808 3617 2083 3683 licentia
2140 3618 2351 3704 regis3
2411 3618 2523 3684 vel
2563 3623 2809 3684 terram
2832 3637 2867 3689 f.
2894 3647 2956 3690 22
2976 3642 3017 3693 b.

709 3721 886 3786 illius
927 3722 1040 3787 vel
1083 3719 1458 3787 officialium
1501 3742 1773 3786 suorum
1816 3721 1941 3786 sub
1983 3720 2345 3787 interdicto
2374 3742 2655 3808 ponere;
2700 3721 2809 3787 vel

709 3825 892 3890 exire
921 3825 1004 3890 de
1033 3845 1233 3912 regno
1263 3823 1350 3888 ad
1377 3824 1793 3910 vocationem
1822 3824 2074 3888 domini
2118 3846 2326 3911 papae,
2359 3826 2501 3890 sine
2543 3824 2812 3891 licentia

708 3927 924 4015 regis3
968 3927 1080 3992 vel
1123 3947 1412 3992 coercere
1456 3926 1744 4012 aliquem
1809 3925 1891 3991 de
1952 3926 2239 4012 perjurio
2284 3926 2395 3994 vel
2436 3927 2597 3994 laesa
2638 3928 2809 4005 fide;

709 4037 778 4098 et
820 4033 998 4122 quod
1040 4053 1160 4097 rex
1205 4051 1322 4096 seu
1365 4029 1484 4094 alii
1525 4029 1679 4094 laici
1730 4034 2099 4096 tractarent
2142 4049 2369 4098 causas
2414 4029 2497 4094 de
2541 4031 2809 4098 decimis

707 4161 824 4205 seu
867 4127 1166 4205 ecclesiis.
1256 4135 1402 4201 Rex
1431 4157 1606 4212 vero,
1633 4139 1988 4221 postquam
2023 4132 2210 4214 ,vidit
2251 4133 2807 4222 archiepiscopum

707 4245 1032 4331 poenitere
1076 4242 1160 4306 de
1202 4239 1554 4328 promissis,
1598 4238 1885 4324 seipsum
1926 4237 2107 4304 ultra
2148 4257 2285 4303 non
2320 4237 2561 4316 ferens,
2592 4239 2807 4305 minas

707 4347 1116 4413 inordinatas
1150 4343 1505 4432 jaculatur.
1595 4341 2137 4429 Archiepiscopus
2204 4345 2451 4420 tamen,
2494 4347 2575 4408 ut
2634 4345 2805 4432 regis

677 4450 1006 4545 ¹animum
1047 4448 1414 4526 inclinaret,
1469 4465 1586 4533 per
1627 4443 2031 4510 Ebroensem
2056 4441 2075 4479 ¹
2125 4445 2498 4532 episcopum
2542 4447 2805 4534 scripsit

1123 4691 1134 4720 ¹
1173 4687 1494 4755 Ebroeneem]
1531 4703 1588 4740 so
1611 4687 1666 4736 in
1689 4685 1841 4747 MS.;
1872 4685 1993 4738 read
2016 4683 2379 4738 Ebu-vicensem.
