3519 5734
793 828 920 893 186
1311 840 1680 893 anrrus
1725 840 1940 892 amus
1983 838 2359 892 suemus.

447 1014 587 1069 ΑΒ·
604 1025 724 1071 1161
787 1017 1140 1097 resisteret,
1199 1018 1472 1084 tandem
1532 1018 1839 1082 humeros
1906 1017 2255 1105 supposuit
2319 1016 2404 1081 ad
2464 1015 2880 1103 portandum.

447 1091 508 1191 ’,ι
521 1091 538 1135 ¹
551 1090 628 1137 ⁷⁰·
787 1119 1022 1185 Subito
1067 1140 1222 1207 ergo
1282 1119 1355 1184 in
1399 1122 1620 1185 virum
1679 1120 1967 1185 alterum
2028 1124 2465 1207 permutatus,
2514 1124 2583 1184 et
2645 1118 2880 1183 habitu

447 1178 718 1327 ξέἰέἓῗζε
783 1222 1137 1287 monachili
1195 1222 1319 1288 sub
1387 1224 1618 1288 habitu
1688 1223 1987 1290 canonici
2053 1224 2373 1311 regularis
2439 1224 2685 1301 habite,
2730 1244 2880 1288 caro

443 1312 748 1432 ffgkffiy
785 1326 924 1411 ejus
967 1326 1179 1393 cilicio
1207 1326 1226 1363 ¹
1277 1332 1346 1393 et
1395 1326 1668 1413 jejuniis
1722 1332 2105 1393 maceratur.
2198 1326 2355 1392 Non
2420 1325 2633 1393 solum
2699 1327 2877 1392 enim

446 1449 588 1512 bury.
782 1428 1108 1495 cilicium¹
1162 1452 1282 1517 pro
1327 1430 1597 1495 camisia
1658 1428 2008 1509 deferebat,
2055 1430 2169 1495 sed
2232 1428 2573 1495 femoralia
2624 1428 2879 1495 cilicina
2944 1482 2951 1489 .

781 1550 987 1617 usque
1017 1530 1104 1597 ad
1133 1532 1452 1619 poplitem
1481 1532 1843 1618 bajulabat.
1924 1532 2362 1597 Sanctitatem
2393 1531 2663 1619 quidem
2691 1552 2877 1597 suam

777 1632 880 1698 ita
945 1632 1284 1701 subtiliter
1344 1634 1716 1701 occultabat
1778 1639 1874 1711 ut,
1944 1633 2129 1699 salvo
2197 1654 2451 1721 semper
2511 1632 2877 1699 honestatis

779 1736 1010 1824 rigore,
1077 1736 1200 1803 sub
1266 1734 1568 1804 decentia
1609 1736 1895 1801 vestium
1962 1742 2031 1801 et
2097 1742 2421 1823 apparatu
2488 1734 2875 1801 utensilium

777 1840 1200 1906 concordaret
1243 1840 1534 1905 moribus
1579 1838 2007 1927 singulorum.
2098 1840 2467 1905 Tresdecim
2512 1857 2874 1927 pauperum

777 1942 976 2028 pedes
1027 1942 1320 2029 quotidie
1375 1940 1665 2007 curvatis
1724 1942 2003 2029 genibus
2072 1940 2401 2021 abluebat,
2470 1944 2541 2007 et
2598 1940 2875 2006 refectos

777 2045 953 2111 datis
1028 2045 1301 2111 cuilibet
1367 2048 1655 2132 quatuor
1720 2044 2054 2132 argenteis
2122 2044 2519 2110 remittebat.
2620 2044 2875 2109 Posses-

777 2148 1118 2234 sionesque
1163 2146 1447 2214 ecclesiae
1507 2168 1642 2213 suae
1685 2144 2046 2213 studiosius
2090 2142 2376 2213 retinere
2420 2152 2489 2213 et
2549 2147 2874 2233 dispersas

776 2272 1098 2331 revocare,
1148 2250 1410 2317 clericos
1455 2250 1729 2315 curiales
1775 2248 2129 2316 reformare
2174 2254 2245 2315 et
2306 2270 2531 2315 eorum
2575 2270 2874 2315 excessus

445 2366 542 2444 llis
564 2384 730 2433 recep-
777 2352 1136 2431 vindicare,
1167 2353 1525 2441 satagebat.
1598 2352 1726 2419 Cui
1749 2353 2045 2419 Turones
2072 2352 2161 2417 ad
2189 2352 2541 2418 concilium
2570 2352 2871 2440 generale

441 2436 730 2553 ζῒξῃζξιῑξξ
775 2456 1155 2542 properanti
1201 2456 1564 2522 cardinales
1610 2463 1678 2521 et
1745 2456 1954 2521 clerus
1998 2456 2364 2535 universus,
2410 2456 2587 2521 cives
2638 2459 2707 2520 et
2772 2454 2872 2518 in-

441 2568 617 2619 Τοιιι-ε.
775 2558 1049 2645 digenae,
1109 2564 1355 2646 praeter
1421 2560 1584 2625 duos
1659 2558 2022 2623 cardinales
2085 2558 2199 2645 qui
2274 2580 2421 2623 cum
2490 2556 2869 2623 Alexandro

775 2682 946 2747 papa
1011 2669 1479 2742 remanserant,
1547 2664 1737 2727 extra
1802 2660 2146 2727 civitatem
2211 2664 2643 2727 occurrerunt.
2736 2659 2869 2740 Qui

773 2765 1048 2829 tandem
1105 2764 1380 2843 rediens,
1448 2764 1781 2852 episcopos
1842 2784 2051 2831 novos
2112 2762 2499 2851 Wygorniae
2566 2768 2634 2828 et
2698 2764 2870 2829 Her-

773 2866 1001 2932 fordiae
1047 2887 1442 2944 consecrans
1490 2866 1961 2932 monasterium
2021 2866 2103 2932 de
2148 2866 2471 2953 Redynge
2517 2865 2865 2945 dedicavit,

775 2975 844 3033 et
907 2989 1138 3055 corpus
1199 2967 1430 3035 Sancti
1495 2969 1813 3034 Edwardi
1874 2969 2047 3056 regis
2109 2975 2179 3034 et
2240 2969 2625 3035 confessoris
2692 2970 2865 3056 apud

775 3071 1433 3138 westmonasterium
1479 3072 1562 3138 de
1591 3071 1861 3159 pulvere
1896 3077 2092 3138 terrae
2133 3072 2471 3138 sublatum
2499 3071 2575 3137 in
2604 3071 2871 3138 ecclesia

441 3179 542 3232 His
563 3181 727 3232 resist-
773 3174 949 3239 inter
1012 3179 1390 3241 sanctorum
1454 3197 1724 3262 corpora
1787 3174 2149 3240 collocavit.
2266 3174 2426 3240 Post
2492 3175 2649 3253 haec,
2722 3195 2867 3239 cum

440 3255 641 3379 ἓξζο
664 3248 750 3300 *³¹²
772 3299 893 3342 rex
938 3279 1115 3366 apud
1161 3277 1564 3346 Wodestoke
1611 3278 1692 3344 de
1738 3277 2014 3364 singulis
2080 3275 2305 3356 hidis,⁹
2348 3278 2420 3341 id
2464 3281 2567 3342 est
2610 3297 2867 3343 caruca-

437 3379 671 3460 exactipn
699 3381 762 3431 of
775 3379 863 3444 tis
931 3385 1143 3457 terrae,
1205 3401 1324 3466 per
1389 3381 1762 3446 universam
1837 3385 2079 3445 terram
2149 3401 2338 3444 suam
2400 3379 2567 3445 duos
2628 3379 2867 3446 solidos

439 3463 470 3498 ⁸
489 3448 711 3512 aubmdy.
776 3502 1030 3547 annuos
1074 3488 1154 3549 ut
1199 3483 1280 3548 de
1315 3483 1466 3569 jure
1509 3484 1718 3548 firmae
1764 3503 2005 3549 annuae
2036 3483 2378 3569 exegisset,
2410 3483 2552 3570 ipse
2580 3481 2867 3548 Thomas

441 3589 539 3668 ῌίῡ
561 3595 751 3652 protec—
777 3583 1295 3672 archiepiscopus
1339 3607 1458 3672 pro
1503 3586 1742 3671 populo
1788 3585 1927 3672 regi
1977 3584 2340 3649 resistebat.
2433 3585 2579 3650 Rex
2642 3589 2865 3650 autem

435 3655 625 3774 3223?
640 3671 671 3705 ⁸
772 3707 946 3773 aegre
1010 3687 1224 3754 ferens
1281 3687 1742 3775 archiepiscopi
1804 3687 2284 3774 responsionem
2348 3708 2523 3753 nova
2588 3686 2865 3753 nocendi

437 3789 656 3868 clun-gea
771 3811 1010 3876 genera
1053 3791 1433 3871 meditatur,
1481 3795 1550 3856 et
1611 3789 1917 3856 clericum
1980 3790 2308 3876 quenda-m
2367 3790 2450 3856 de
2512 3789 2863 3856 homicidio

436 3857 724 3988 fflffghmss'r's
771 3893 1189 3980 appellatum,
1239 3893 1311 3958 in
1371 3893 1694 3959 ultionem
1762 3892 2245 3980 archiepiscopi,
2282 3891 2537 3977 judicio
2582 3898 2652 3958 et
2714 3913 2865 3957 exe-

771 3995 1020 4060 cutioni
1063 3995 1276 4060 laicali
1321 3994 1580 4060 studuit
1642 3995 2031 4081 mancipare.
2122 3994 2664 4082 Archiepiscopus
2707 4017 2863 4060 vero

768 4097 942 4163 insta
984 4099 1231 4164 curiam
1276 4119 1461 4164 suam
1508 4103 1577 4163 et
1639 4097 1924 4163 ecclesiae
1990 4096 2346 4163 tuitionem
2414 4097 2718 4162 clericum
2763 4119 2861 4162 re-

770 4201 960 4288 cepit,
1007 4207 1085 4267 ut
1128 4202 1223 4266 ibi
1267 4224 1384 4288 pro
1429 4223 1496 4267 se
1540 4200 1921 4287 loqueretur
1961 4205 2031 4266 et
2082 4200 2499 4287 responderet
2544 4201 2863 4266 calumni-

433 4303 533 4355 His
553 4301 724 4420 11111111οέ
771 4305 930 4370 anti.
1016 4303 1108 4370 Et
1151 4323 1299 4369 cum
1340 4326 1460 4371 rex
1503 4303 1923 4370 voluntatem
1966 4303 2427 4392 archiepiscopi
2473 4308 2543 4369 et
2584 4304 2861 4370 aliorum

430 4505 706 4626 gffngffle
768 4510 996 4577 volens
1032 4513 1114 4574 ut
1157 4511 1658 4576 consuetudines
1688 4531 1854 4596 quas
1898 4515 2127 4575 contra
2169 4509 2546 4575 libertatem
2577 4511 2861 4576 ecclesiae

767 4612 1268 4700 praedecessores
1313 4613 1417 4678 sui
1459 4612 1832 4680 habuerant
1875 4611 1960 4676 ab
2005 4611 2249 4676 eisdem
2293 4611 2597 4676 similiter
2638 4613 2861 4678 firma-

835 4834 848 4862 ¹
883 4829 1068 4896 eslceco]
1107 4829 1288 4894 silicio,
1311 4829 1424 4882 ms.
1811 4829 1823 4896 ι
1934 4833 1953 4862 ²
1986 4827 2141 4895 aedis]
2180 4829 2295 4892 mis,
2318 4827 2431 4882 ΜΒ.
