3519 5734
1377 557 1405 600 .
1431 537 1436 542 .

1194 793 1393 844 nuso
1435 789 1652 842 ABnAs
1695 791 2020 854 QUINTUS.
2517 776 2647 842 363

561 975 598 1036 5
647 970 842 1037 solidi
904 990 1040 1036 non
1107 968 1489 1035 suffecerint
1548 967 1636 1034 ad
1681 967 2078 1032 forinsecum
2122 965 2471 1032 servitium
2512 983 2656 1050 per·
2682 975 2977 1028 A.D.1210

557 1072 968 1150 solvendum,
1012 1072 1096 1138 de
1144 1074 1183 1136 5
1255 1071 1486 1138 solidis
1531 1070 1692 1136 anni
1753 1068 1969 1135 futuri
2021 1071 2409 1143 sumeretur,
2454 1067 2661 1131 donec
2682 1049 2867 1096 ’¹²²⁰‘

556 1169 848 1263 plenarie
893 1175 1280 1242 solveretur.
1375 1174 1528 1261 Ipse
1559 1177 1785 1238 autem
1823 1171 2200 1236 Hei-bertus
2242 1169 2501 1236 medius
2526 1167 2663 1232 fuit

556 1280 734 1344 inter
805 1299 928 1344 nos
1001 1281 1071 1345 et
1144 1276 1436 1343 Alanum
1503 1276 1586 1342 de
1655 1275 2093 1362 Scrutevylla,
2162 1273 2504 1339 dominum
2578 1271 2661 1336 de

557 1381 822 1459 Rowth,
866 1381 950 1448 de
993 1383 1138 1446 toto
1181 1380 1456 1446 servitio
1502 1380 1681 1466 quod
1711 1378 1795 1444 de
1824 1376 2121 1464 praefatis
2149 1376 2369 1443 tribus
2396 1373 2662 1442 bovatis

557 1489 752 1550 terrae
818 1483 1199 1550 debebatur.
1313 1481 1522 1570 Cujus
1585 1481 1765 1546 filius
1832 1477 2205 1546 willelmus
2269 1479 2353 1544 de
2416 1477 2661 1544 Sancto

561 1587 889 1668 Quintino
932 1586 1146 1652 dictas
1190 1589 1324 1652 tres
1381 1586 1662 1652 bovatas
1718 1588 1915 1650 terrae
1957 1581 2150 1648 nobis
2194 1576 2658 1659 confirmavit‚¹

557 1691 658 1755 ita
699 1690 894 1777 plane
937 1690 1114 1775 quod
1155 1710 1295 1768 nos,
1339 1688 1425 1753 ab
1471 1687 1618 1774 ipso
1661 1691 1959 1774 tempore
2004 1686 2079 1750 in
2122 1683 2445 1762 futurum,
2495 1681 2663 1747 face-

497 1869 506 1878 ,
560 1814 780 1858 remus
837 1791 1188 1858 heredibus
1257 1791 1420 1857 dicti
1487 1790 1696 1855 Alani
1755 1790 1839 1855 de
1907 1787 2327 1875 Scrutevylla
2392 1785 2667 1852 servitia

561 1915 682 1983 pro
743 1895 890 1981 ipsa
953 1899 1132 1960 terra
1193 1915 1342 1981 quae
1405 1893 1584 1981 patri
1649 1913 1769 1958 suo
1834 1897 1905 1958 et
1971 1891 2323 1958 heredibus
2374 1890 2511 1956 suis
2566 1887 2663 1952 fa—

563 2019 706 2063 cere
749 1997 1097 2064 debuimus
1142 2001 1210 2064 et
1255 2017 1845 2076 consueveramus3
1913 1999 1983 2060 et
2024 1995 2165 2081 ipse
2210 1995 2293 2060 de
2336 1991 2662 2078 homagio,

565 2100 812 2166 relevio
885 2105 954 2166 et
1015 2100 1198 2165 omni
1259 2099 1554 2178 servitio,
1623 2098 1987 2178 exactione,
2052 2095 2548 2174 consuetudine,
2597 2097 2665 2160 et

563 2223 636 2268 re
696 2204 784 2269 ad
840 2207 1086 2268 terram
1159 2202 1552 2290 pertinente,
1617 2205 1862 2289 praeter
1920 2200 2312 2288 praedictum
2380 2197 2664 2263 liberum
2689 2207 2727 2259 f.
2752 2213 2834 2260 41.

566 2304 963 2372 forinsecum
1025 2305 1396 2383 servitium,
1441 2325 1562 2370 nos
1623 2325 1746 2392 pro
1808 2302 2127 2391 praedicta
2182 2307 2362 2368 terra
2405 2300 2665 2386 aequie-

565 2412 757 2474 taret.
848 2408 952 2474 De
995 2429 1126 2495 quo
1169 2407 1413 2473 iterum
1455 2406 1729 2472 servitio
1774 2428 1817 2470 a
1856 2405 2052 2471 nobis
2094 2409 2327 2471 exacto
2370 2408 2667 2490 tempore

569 2509 825 2576 domini
867 2503 1062 2576 'Adae
1135 2509 1404 2575 abbatis
1467 2511 1552 2573 14
1612 2513 1844 2595 postea
1923 2507 2263 2574 referetur.
2386 2506 2667 2592 Duoque
2691 2515 2933 2597 4equisi-

567 2612 808 2680 fratres
875 2614 1081 2678 etiam
1146 2612 1534 2692 sacerdoteS,
1603 2610 1955 2698 Philippus
2022 2615 2093 2677 et
2160 2610 2506 2689 RobertuS,
2552 2609 2669 2696 qui
2692 2585 3011 2703 ffssfflffl

569 2715 909 2781 habebant
953 2713 1300 2780 dimidiam
1361 2717 1736 2780 carucatam
1798 2718 1995 2780 terrae
2060 2714 2135 2778 in
2196 2713 2461 2794 Rowth‚
2522 2731 2667 2778 eam
2693 2717 2753 2769 of
2766 2719 2887 2768 land
2906 2717 2963 2768 in

569 2818 764 2885 nobis
808 2817 1248 2884 contulerunt.
1323 2816 1480 2906 Ipsa
1525 2821 1751 2883 autem
1796 2822 1978 2884 terra
2020 2815 2109 2883 ad
2152 2837 2264 2883 eos
2308 2817 2668 2885 devenerat
2690 2785 2773 2836 Ro

569 2920 696 2988 tali
759 2920 969 2986 modo.
1064 2920 1350 2986 Thomas
1412 2920 1685 3006 quidam
1729 2924 1947 2987 rector
2006 2920 2293 2987 ecclesiae
2344 2920 2429 2987 de
2474 2920 2670 2987 Ruda

571 3023 812 3089 habuit
853 3024 1030 3110 ipsas
1057 3026 1101 3087 4
1132 3023 1410 3089 bovatas
1453 3028 1673 3089 terrae.
1742 3022 1891 3103 Qui,
1926 3022 2085 3089 dum
2128 3028 2346 3089 rector
2386 3023 2670 3093 ecclesiae

572 3131 732 3207 erat,
765 3124 975 3191 dictos
1005 3124 1387 3214 Philippum
1433 3130 1502 3191 et
1534 3124 1901 3193 Robertum
1944 3126 2180 3213 genuit
2202 3128 2228 3166 ²
2271 3146 2357 3191 ex
2400 3126 2671 3193 muliere

571 3225 857 3311 quadam
917 3224 1184 3290 nomine
1245 3224 1558 3291 Aldeana.
1651 3224 1746 3289 Et
1803 3230 2033 3313 postea
2048 3222 2077 3263 ⁸
2134 3226 2404 3314 reliquit
2473 3227 2671 3293 eccle-

571 3326 740 3391 siam
785 3331 856 3391 et
899 3326 1326 3413 desponsavit
1385 3326 1632 3393 dictam
1695 3326 2077 3409 mulierem3
2137 3349 2223 3393 ex
2266 3350 2399 3416 qua
2440 3330 2675 3417 genuit

573 3430 736 3495 duas
778 3430 970 3510 filias,
1000 3430 1286 3496 Aliciam
1331 3434 1402 3497 et
1446 3432 1795 3518 Agnetem.
1857 3431 2189 3498 Defuncto
2234 3438 2460 3499 autem
2490 3432 2670 3499 dicto

572 3531 838 3609 Thoma,
886 3537 1076 3620 patre
1121 3553 1365 3612 eorum,
1399 3555 1550 3599 cum
1591 3534 1756 3622 ipsse
1775 3530 1803 3569 ⁴
1847 3534 2067 3601 Alicia
2111 3539 2181 3601 et
2226 3535 2451 3625 Agnes
2496 3536 2673 3602 infra

451 3718 456 3725 ι
574 3634 891 3699 minorem
935 3638 1206 3701 aetatem
1248 3635 1531 3701 fuissent
1574 3636 1973 3715 constitutae,
2022 3637 2240 3704 dictus
2257 3639 2283 3677 ⁵
2329 3639 2673 3728 Philippus

575 3737 948 3824 capellanus
968 3733 996 3773 ⁶
1039 3737 1247 3803 frater
1289 3760 1520 3804 earum
1581 3739 1758 3825 cepit
1801 3739 2112 3826 praefatas
2157 3744 2199 3806 4
2244 3740 2538 3821 bovatas,
2584 3744 2673 3809 ad

575 3840 1084 3907 custodiendum
1152 3860 1260 3905 eas
1327 3840 1415 3906 ad
1483 3862 1646 3928 opus
1710 3863 2011 3907 sororum
2077 3864 2363 3924 suarum,
2409 3849 2478 3909 et
2522 3853 2675 3933 post

573 3964 782 4031 pauca
824 3965 945 4008 nos
991 3944 1073 4008 de
1117 3942 1278 4029 ipsis
1323 3944 1364 4009 4
1409 3942 1676 4009 bovatis
1735 3948 1932 4011 terrae
1991 3945 2313 4013 feoffavit.
2403 3948 2675 4015 Mortua

573 4046 855 4132 praefata
893 4044 1116 4111 Alicia
1157 4046 1300 4111 sine
1367 4046 1612 4111 herede
1675 4046 1758 4112 de
1810 4068 2076 4134 corpore
2135 4070 2254 4114 suo
2310 4056 2675 4135 procreato,

573 4150 735 4237 ipsae
780 4152 822 4214 4
864 4149 1132 4215 bovatae
1159 4153 1358 4215 terrae
1396 4148 1486 4213 ad
1517 4148 1763 4215 dictam
1792 4149 2124 4237 Agnetem
2154 4172 2439 4220 sororem
2486 4176 2672 4220 suam

1768 4345 1814 4351 ή-
2069 4348 2084 4351 -
2105 4347 2480 4355 ——--..-——.—.-....
2498 4351 2533 4356 —
2573 4352 2673 4359 .---

643 4462 658 4492 ¹
696 4461 1027 4528 confirmavit]
1065 4461 1412 4521 confirmabat,
1433 4460 1493 4511 P.
1739 4462 1758 4491 ⁴
1795 4461 1945 4530 ipsae]
1982 4464 2095 4529 ipsa
2115 4464 2171 4514 in
2193 4464 2309 4519 MS.

641 4545 664 4574 ²
695 4542 848 4593 After
864 4543 1032 4609 genuit
1049 4540 1204 4592 insert
1223 4546 1397 4606 postea
1418 4554 1582 4591 sacer-
1741 4540 1763 4571 ⁶
1794 4542 1947 4593 After
1967 4542 2127 4595 diem
2147 4545 2307 4597 insert
2328 4545 2577 4610 dominun,
2601 4551 2660 4600 P.

581 4625 736 4684 dotes,
756 4622 820 4672 P.
1741 4622 1765 4651 ⁸
1794 4620 2105 4691 capellanus]
2140 4626 2369 4693 wanting
2387 4627 2444 4677 in
2466 4628 2525 4681 P.

646 4705 666 4734 ⁸
679 4702 756 4752 Et
762 4700 964 4767 postea]
983 4699 1084 4763 Qui
1101 4700 1268 4751 dictus
1277 4699 1515 4761 Thomas,
1524 4700 1583 4749 P.
