3519 5734
1192 859 1474 910 rnoms
1515 857 1730 910 mas
1774 859 2083 912 'ramma
2563 849 2687 913 281

597 1035 782 1104 lisset
825 1036 902 1102 in
929 1037 1447 1126 redemptionem
1482 1037 1658 1126 regis
1688 1035 1976 1116 Ricardi,
2006 1040 2077 1102 et
2122 1041 2447 1123 quantum
2478 1042 2648 1104 esset
2672 1037 2693 1076 ¹
2722 1040 2858 1094 A.D.
2886 1047 3028 1094 1196·

598 1140 940 1208 collectum
1030 1164 1147 1230 per
1242 1141 1542 1206 dominos
1619 1163 1859 1206 eorum.
1982 1139 2154 1206 Cum
2236 1162 2390 1228 ergo
2480 1145 2698 1206 totum

597 1265 872 1332 regnum
915 1246 991 1309 in
1034 1266 1260 1311 eorum
1306 1244 1604 1310 adventu
1649 1249 1718 1309 et
1770 1242 2096 1330 praecipue
2138 1242 2400 1309 abbatis
2466 1244 2699 1310 freme-

597 1351 714 1423 ret,
784 1347 960 1414 idem
1021 1347 1226 1415 abbas
1288 1353 1447 1440 ante
1494 1346 1747 1413 Pascha
1814 1346 2169 1413 defunctus
2234 1352 2352 1424 est,
2399 1347 2699 1434 nihilque

597 1454 820 1515 aetum
866 1457 967 1517 est
1011 1450 1209 1536 hujus
1251 1449 1720 1537 inquisitionis.
1814 1458 1904 1513 De
1941 1457 2259 1514 Willielmo
2314 1475 2547 1531 quoque
2582 1466 2701 1515 tra-

599 1557 846 1616 debatur
882 1562 1038 1634 quod
1061 1561 1376 1618 Londoniis
1401 1566 1531 1617 erat
1566 1560 1870 1626 oriundae,
1925 1549 2103 1616 filius
2157 1551 2425 1618 Osberti
2469 1551 2698 1618 clerici.

599 1659 656 1714 A
696 1660 878 1717 barba
926 1663 1152 1734 prolixa
1201 1681 1376 1734 quam
1426 1661 1574 1719 fovit
1621 1679 1945 1732 cognomen
1994 1663 2252 1734 accepit3
2312 1681 2487 1734 quam
2553 1655 2702 1720 ideo

567 1781 579 1792 ·
597 1753 851 1810 nutrivit
906 1761 975 1810 ut
1029 1756 1138 1813 tali
1202 1756 1423 1827 insigni
1482 1755 1544 1810 in
1605 1760 1763 1810 coetu
1824 1759 1883 1810 et
1942 1755 2216 1811 concione
2232 1753 2256 1787 ²
2312 1756 2504 1827 magis
2565 1773 2698 1811 con·

600 1854 627 1891 s
635 1837 840 1907 picuus
856 1839 879 1872 ³
932 1845 991 1895 et
1049 1841 1381 1912 spectabilis
1441 1843 1767 1911 appareret.
1857 1837 1971 1908 Qui
2042 1857 2179 1895 cum
2250 1844 2408 1895 esset
2463 1839 2701 1911 ingenio

599 1936 754 1986 acer,
811 1925 1185 1981 mediocriter
1243 1925 1558 1989 litteratus,
1614 1925 1893 1994 eloquens
1954 1941 2133 1995 supra
2186 1923 2442 1988 modum,
2498 1923 2699 1979 innata

601 2005 852 2074 quadam
887 2009 1066 2063 animi
1103 2013 1164 2064 et
1197 2026 1430 2063 morum
1463 2007 1809 2080 petulantia,
1848 2024 2060 2063 nomen
2096 2007 2211 2063 sibi
2246 2008 2469 2080 grande
2506 2008 2697 2064 facere

598 2090 819 2157 volens,
877 2093 1075 2147 moliri
1126 2110 1276 2148 nova
1326 2098 1387 2149 et
1435 2091 1654 2146 audere
1707 2091 1975 2163 ingentia
2022 2093 2219 2164 coepit.
2296 2091 2566 2164 Denique
2611 2093 2698 2147 in·
2720 2091 2756 2146 f.
2781 2099 2845 2145 40
2868 2093 2913 2148 b.

597 2172 852 2230 humana
888 2181 949 2232 et
999 2176 1309 2248 impudens
1349 2175 1477 2246 ejus
1514 2175 1667 2232 actio
1717 2176 1782 2230 in
1839 2176 2144 2247 proprium
2181 2193 2527 2247 germanum
2577 2177 2699 2246 sig-

597 2275 741 2312 num
799 2265 927 2316 erat
983 2261 1238 2317 vesaniae
1297 2260 1427 2332 ejus
1486 2259 1551 2315 in
1609 2260 1892 2316 coeteros.⁴
1984 2260 2141 2315 Nam
2198 2261 2444 2315 fratrem
2503 2279 2694 2327 suum,

597 2341 1060 2400 Londoniensem
1113 2345 1322 2410 civem,
1378 2345 1482 2415 qui
1540 2361 1677 2399 eum
1735 2343 1799 2398 in
1859 2342 2073 2399 scholis
2126 2344 2484 2409 exhibuerat,
2541 2346 2698 2416 apud

598 2443 802 2498 regem
854 2433 1130 2500 tanquam
1181 2429 1366 2500 regiae
1420 2427 1770 2499 proditionis
1829 2444 2018 2492 reum,
2075 2445 2189 2498 pro
2234 2445 2305 2482 eo
2359 2427 2517 2499 quod
2567 2446 2697 2500 pro-

599 2511 822 2566 fusiora
891 2513 1064 2568 solito
1125 2518 1468 2585 sumptuum
1541 2511 1750 2569 solatia
1806 2529 1925 2566 non
1993 2511 2350 2578 refunderet,
2412 2512 2700 2568 instanter

599 2595 925 2651 accusabat.
1005 2596 1123 2652 Sed
1175 2596 1444 2668 quamvis
1495 2614 1532 2652 a
1587 2596 1855 2668 principe
1914 2595 1978 2649 in
2034 2595 2146 2651 hoc
2206 2595 2436 2652 derisus
2496 2597 2693 2663 fuerit,
2720 2606 2953 2660 william

599 2679 796 2735 favore
847 2680 1212 2750 quorundam
1262 2681 1417 2736 inter
1465 2680 1849 2752 magistratus
1886 2679 2318 2736 Londonienses
2365 2682 2561 2736 locum
2596 2681 2695 2736 ob·
2722 2673 3034 2754 pongbeard

598 2763 794 2819 tinuit.
893 2762 1164 2835 Denique
1223 2764 1586 2820 clandestina
1643 2781 1823 2835 opera
1886 2769 1949 2818 et
2023 2765 2325 2820 venenatis
2398 2765 2657 2821 susurris
2673 2765 2695 2797 ⁸
2718 2741 2964 2860 {3233}

599 2847 756 2919 apud
788 2847 1038 2920 plebem,
1068 2848 1319 2905 divitum
1341 2847 1714 2906 insolentiam
1738 2866 1859 2919 qua
1884 2865 2172 2921 pauperes
2208 2848 2448 2922 indigne
2483 2855 2696 2907 tracta-
2718 2878 2901 2928 doum

596 2931 810 2987 bantur
847 2933 1197 3004 suggillans,
1223 2934 1546 2991 mediocres
1584 2932 1661 2988 ad
1696 2933 2095 2989 immoderatae
2123 2933 2413 2989 libertatis
2436 2952 2696 2991 amorem
2721 2943 2923 3008 against
2942 2945 3031 2995 the

596 3016 982 3082 inflammanS,
1037 3017 1181 3073 adeo
1228 3018 1515 3089 plurimos
1553 3017 1726 3089 quasi
1774 3018 2099 3089 praestigiis
2153 3017 2505 3074 fascinnatos
2522 3018 2544 3051 ⁶
2581 3018 2697 3074 sibi
2721 3010 2963 3079 nobili&-

597 3099 876 3167 devinxit,
933 3106 1003 3157 ut
1059 3101 1132 3157 52
1189 3102 1383 3157 millia
1431 3100 1930 3157 Londoniensium
1979 3100 2391 3172 indigenarum
2438 3102 2515 3158 ad
2567 3102 2696 3174 ejus

595 3189 823 3251 nutum,
851 3194 1132 3257 tanquam
1165 3186 1457 3242 communi
1494 3192 1839 3242 cunctorum
1872 3185 2179 3257 provisori,
2208 3186 2691 3257 obtemperarent.

595 3268 780 3325 Tanto
834 3286 978 3341 ergo
1031 3270 1218 3326 fretus
1269 3270 1638 3325 consciorum
1690 3286 1954 3335 numero,
2012 3274 2291 3341 tanquam
2340 3270 2535 3325 zelans
2588 3288 2697 3341 pro

595 3354 950 3425 pauperculo
985 3354 1203 3428 populo
1240 3360 1302 3411 et
1339 3355 1643 3410 commodo
1665 3354 1867 3425 ·regi0,
1908 3354 2091 3425 coepit
2138 3372 2273 3409 cum
2328 3354 2486 3409 omni
2539 3360 2697 3410 coetu

594 3437 890 3493 nobilibus
949 3438 1246 3504 resistere,
1312 3438 1681 3510 praetendens
1745 3436 1904 3508 quod
1964 3454 2167 3491 eorum
2226 3438 2431 3494 fraude
2484 3438 2660 3495 fiscus
2675 3436 2697 3477 ⁷

593 3529 913 3601 plurimum
950 3529 1262 3601 deperiret.
1340 3528 1610 3601 Cumque
1659 3528 1753 3583 illi
1792 3525 1945 3608 post
1989 3521 2130 3586 haec
2165 3534 2367 3586 contra
2401 3548 2537 3586 eum
2584 3532 2696 3586 fre-

594 3628 838 3687 merent,
877 3622 1281 3679 transfrctavit
1325 3622 1430 3677 ille
1466 3621 1544 3677 ad
1580 3639 1807 3693 regem,
1845 3640 1953 3694 pro
2009 3622 2178 3695 cujus
2228 3622 2344 3678 fide
2394 3628 2696 3696 potentum

594 3704 843 3777 injurias
895 3722 960 3761 se
1011 3723 1357 3778 perpessum
1411 3705 1767 3761 ostendebat.
1840 3706 1989 3763 Inde
2044 3724 2320 3763 reversus
2374 3707 2695 3764 calliditate

597 3789 770 3846 solita
804 3790 984 3860 coepit
1018 3788 1092 3844 de
1128 3796 1357 3856 caetero,
1396 3794 1676 3861 tanquam
1711 3790 1881 3861 regio
1916 3791 2117 3846 favore
2152 3790 2452 3859 subnixus,
2491 3793 2696 3849 fiduci-

597 3873 749 3929 alius
800 3889 977 3944 agere
1031 3880 1092 3929 et
1142 3874 1410 3945 proprios
1461 3872 1775 3946 complices
1826 3874 2033 3930 fortius
2072 3876 2349 3931 animare.
2426 3875 2695 3948 Cumque

589 3957 718 4030 jam
776 3957 939 4013 initae
992 3957 1435 4029 conspirationis
1489 3976 1691 4013 rumor
1744 3958 2195 4030 percrebuisset,
2252 3958 2693 4018 cantuariensis

597 4040 1070 4113 archiepiscopus
1094 4040 1420 4107 Hubertus,
1447 4042 1545 4098 cui
1581 4042 1750 4113 regni
1775 4042 2043 4114 regimen
2067 4042 2445 4099 commissum
2480 4045 2690 4111 fuerat,

594 4125 828 4198 plebem
864 4130 1162 4191 convocat,
1201 4130 1368 4182 natos
1419 4143 1685 4185 rumores
1720 4126 1949 4191 recitat,
1990 4125 2065 4182 ad
2098 4126 2416 4183 tollendam
2462 4145 2692 4186 omnem

597 4210 899 4267 sinistram
935 4210 1364 4281 suspectionem
1398 4210 1630 4266 obsides
1667 4210 1797 4265 dari
1841 4215 2033 4283 rogat.
2109 4210 2256 4282 Ejus
2291 4211 2691 4285 blandiloquio

597 4294 848 4367 populus
913 4294 1180 4365 placatus
1256 4293 1636 4366 obtemperat,
1706 4293 1939 4349 obsides
2000 4294 2195 4351 donat.
2292 4294 2689 4355 Nihilominus

667 4510 684 4543 ¹
704 4509 854 4575 esset]
881 4524 988 4559 esse
1007 4508 1064 4559 in
1085 4508 1202 4561 MS.-
1755 4513 1777 4543 ⁸
1797 4512 2043 4579 munh]
2070 4514 2313 4579 suspiriis,
2336 4514 2401 4566 R.
2423 4515 2493 4567 H.

667 4592 688 4621 ²
707 4588 956 4654 concione]
981 4589 1264 4650 conscione,
1286 4590 1401 4642 MS.
1756 4594 1779 4621 ⁸
1782 4592 2129 4658 succisanam]
2156 4593 2451 4657 hanimatus,
2474 4594 2585 4646 Ms.

666 4669 687 4699 ⁸
706 4668 1022 4734 conspicuus]
1049 4669 1380 4737 conspiciens,
1401 4670 1513 4723 MS.
1757 4672 1777 4700 ’
1796 4671 1991 4739 fiscus]
2027 4671 2165 4737 fisco,
2206 4672 2341 4733 MS„
2385 4686 2443 4725 u
2486 4674 2591 4725 also
2634 4674 2691 4726 in

667 4747 686 4779 ⁴
706 4746 930 4815 coeteroe]
957 4747 1166 4811 ceteris,
1179 4746 1242 4801 R.
1265 4746 1334 4801 H.
1689 4748 1751 4803 R.
1777 4747 1847 4803 H.
