3519 5734
850 837 979 901 412
1390 852 1733 905 nummus
1779 851 1999 903 ABBAs
2045 853 2394 906 summus,

508 1026 791 1081 A.D.1221
838 1022 1091 1091 dietum
1164 1028 1434 1112 pontem
1508 1025 1591 1093 de
1672 1023 1885 1107 Forth
1957 1026 2364 1105 extenditur,
2426 1026 2730 1114 oariagiis
2805 1029 2948 1093 suis

505 1100 685 1147 -1235.

506 2396 667 2447 Other

507 2464 681 2529 dykeS.

508 3499 758 3566 Waghna.

506 3707 753 3757 Common

837 1127 1304 1213 perfruantur3
1346 1127 1446 1193 ita.
1487 1127 1686 1214 plane
1730 1126 1908 1213 quod
1951 1128 2267 1214 quiequid
2312 1134 2510 1196 terrae
2555 1129 2734 1196 inter
2775 1152 2944 1217 prae·

837 1228 1090 1293 dictum
1162 1234 1471 1316 stagnum
1538 1235 1608 1295 et
1680 1230 1899 1317 ipsum
1963 1229 2286 1297 fossatum
2361 1231 2656 1297 exterius
2721 1232 2943 1312 fuerit,

838 1329 1014 1396 inter
1054 1330 1118 1397 le
1162 1330 1541 1397 Weetkerre
1584 1330 1667 1396 de
1712 1330 2004 1399 Suttona,
2065 1338 2134 1399 et
2175 1333 2568 1421 praedictum
2611 1339 2943 1423 stagnum,

836 1432 1194 1499 seeundum
1236 1432 1720 1521 longitudinem
1787 1433 1994 1521 ipsius
2057 1435 2280 1522 sta-gni
2337 1436 2416 1501 in
2479 1435 2705 1516 Hullo,
2749 1436 2948 1504 nobie

836 1534 923 1599 ad
983 1534 1534 1601 sustentationem
1598 1534 1822 1621 stagni
1889 1536 2106 1603 nostri
2175 1541 2247 1602 et
2321 1537 2808 1620 aisiamentum,
2871 1545 2949 1605 et

836 1637 923 1702 ad
966 1658 1377 1704 communem
1435 1637 1617 1703 viam
1676 1642 1968 1703 nostram
2029 1644 2100 1705 et
2161 1640 2502 1707 hominum
2567 1646 2944 1708 nostrorum

838 1744 909 1804 et
976 1740 1271 1805 omnium
1318 1739 1433 1825 qui
1497 1740 1820 1827 praedieta.
1886 1740 2268 1808 molendina·
2343 1744 2529 1829 sequi
2595 1744 2948 1818 voluerint,

836 1846 907 1906 et
950 1841 1156 1928 ipsius
1200 1842 1433 1923 Saieri,
1480 1842 1798 1909 heredum
1843 1850 1912 1910 et
1975 1844 2334 1911 liberorum
2391 1845 2733 1912 hominum
2793 1868 2942 1911 suo-

835 1964 1002 2021 rum,
1034 1944 1517 2029 imperpetuum
1562 1950 1946 2032 perseveret.
2025 1945 2168 2012 Ubi
2187 1945 2208 1983 ¹
2243 1947 2528 2014 Michael
2570 1948 2776 2014 abbas
2789 1950 2820 1987 ²
2851 1954 2894 2014 8
2917 1949 2946 1987 ³

838 2038 1291 2111 molendinuni
1364 2052 1593 2132 postea
1608 2046 1637 2083 ⁴
1704 2049 2097 2126 construxit,
2173 2050 2346 2115 siout
2411 2055 2640 2135 postea
2707 2054 2944 2121 refere-

838 2152 968 2213 tur.
1082 2148 1183 2213 De
1257 2149 1497 2235 quibus
1571 2149 1814 2215 iterum
1878 2150 2139 2217 fossatis
2205 2158 2274 2219 et
2345 2173 2572 2218 eorum
2645 2158 2946 2242 gutteria,

840 2256 1134 2338 tempore
1200 2251 1443 2339 Rogeri
1502 2252 1767 2319 abbatis
1836 2255 1943 2333 13,
1987 2253 2149 2320 alibi
2205 2253 2543 2322 referetur.
2633 2258 2701 2323 A
2757 2257 2946 2345 cujus

834 2353 1071 2419 fossati
1112 2353 1198 2421 de
1242 2353 1597 2442 Forthdyk
1656 2354 1872 2443 eapite
1939 2354 2248 2421 orientali
2292 2378 2524 2423 versus
2563 2361 2944 2447 aquilonem

838 2456 1122 2523 habetur
1143 2456 1171 2493 ⁶
1214 2456 1401 2523 aliud
1462 2456 1804 2539 fossatum,
1853 2458 1988 2525 xvi.
2058 2458 2304 2546 pedum
2348 2460 2422 2524 in
2465 2459 2829 2529 latitudine
2873 2470 2944 2530 et

836 2581 953 2625 sex
1022 2558 1265 2645 pedum
1328 2559 1403 2623 in
1460 2559 1936 2645 profunditate,
1985 2560 2163 2646 quod
2225 2562 2618 2628 extenditur
2640 2563 2667 2603 ⁶
2713 2586 2945 2633 versus

836 2660 1330 2747 Fayrholmum,
1408 2682 1527 2747 pro
1608 2667 1792 2727 certa
1881 2661 2098 2727 divisa
2184 2662 2359 2728 inter
2435 2664 2786 2732 mariscum
2861 2669 2944 2749 de

838 2762 1146 2850 Waghna
1188 2766 1261 2828 et
1304 2762 1651 2829 mariscum
1698 2762 1913 2829 Saieri
1977 2764 2340 2851 saepedicti,
2385 2765 2502 2851 qui
2539 2766 2721 2852 jaeet
2765 2770 2946 2836 inter

838 2864 1429 2932 Brauneeholmum
1498 2877 1567 2931 et
1623 2863 2146 2952 Fayrholmum3
2213 2871 2283 2934 et
2325 2890 2369 2933 a
2411 2869 2631 2956 eapite
2691 2874 2946 2959 aquilo—

838 2968 979 3032 nali
1052 2966 1260 3054 ipsiue
1332 2967 1561 3034 fossati
1636 2968 2111 3034 extenderetur
2170 2969 2355 3036 aliud
2398 2968 2742 3053 fossatum,
2805 2977 2942 3041 xvi.

840 3069 1083 3158 pedum
1152 3069 1535 3137 latitudinis
1602 3077 1671 3136 et
1730 3071 1816 3136 vi.
1881 3069 2122 3158 pedum
2190 3071 2688 3158 profunditatiS,
2733 3098 2944 3163 usque

840 3193 1043 3260 prope
1105 3173 1323 3239 ledam
1346 3171 1373 3208 ⁷
1435 3173 1517 3238 de
1562 3172 1818 3259 Swyna
1877 3194 2106 3238 versus
2165 3174 2509 3241 orientem.
2594 3176 2706 3243 Ita-
2763 3181 2944 3265 quod

839 3283 1209 3343 remaneret
1272 3276 1355 3342 de
1420 3276 1612 3341 firma
1676 3281 1856 3341 terra
1920 3275 2209 3363 spatium
2279 3298 2396 3342 sex
2459 3278 2722 3364 pedum,
2763 3281 2944 3348 inter

840 3377 1226 3466 praedictam
1271 3377 1485 3443 ledam
1508 3376 1533 3414 ⁷
1579 3377 1663 3442 de
1706 3377 1937 3443 Swina
1977 3381 2048 3442 et
2091 3377 2410 3443 fossatum
2470 3381 2940 3467 supradictum.

840 3480 1081 3546 Postea
1124 3483 1347 3544 autem
1394 3478 1729 3544 Galfridus
1789 3480 1871 3545 de
1939 3477 2243 3566 Fryboye
2287 3485 2357 3546 et
2401 3481 2652 3550 Alanus
2697 3485 2940 3552 Surde-

838 3581 1030 3660 nalle,
1100 3602 1247 3648 oum
1266 3577 1294 3615 ⁸
1356 3579 1723 3646 Beatrieem
1803 3586 1873 3646 et
1951 3581 2324 3648 Hawisiam
2399 3583 2571 3650 filias
2646 3587 2940 3656 Amandi

840 3684 1181 3750 Pineernae
1222 3682 1308 3748 de
1368 3681 1870 3770 Benyngholmo
1917 3683 2436 3770 desponsassent,
2497 3691 2938 3756 communiam

400 3802 407 3812 ·
504 3772 677 3889 imnssfi
690 3778 797 3888 ‘3⁸‘
841 3789 913 3854 in
958 3785 1230 3852 marisco
1275 3784 1581 3849 orientali
1628 3785 1710 3851 de
1757 3784 1967 3850 Melea.
2009 3791 2080 3852 et
2125 3786 2430 3874 Waghna
2472 3794 2551 3855 ut
2583 3789 2699 3876 jus
2743 3814 2939 3859 suum

504 3907 693 3956 Meaux
716 3906 820 3957 and
841 3885 1323 3957 vendicarunt?
1397 3887 1463 3951 A
1491 3887 1750 3972 quibua,
1784 3909 1933 3952 eum
1961 3888 2350 3954 universum
2381 3891 2689 3956 olamium
2727 3894 2940 3960 totius

508 3973 758 4039 Waghen.

842 3992 1102 4060 marisci
1122 3991 1173 4028 ¹⁰
1216 3991 1392 4056 inter
1428 3989 1704 4054 Estwod
1752 3989 2107 4076 Monkdyk
2137 4011 2346 4077 usque
2390 3992 2477 4057 ad
2523 3993 2808 4060 divisam
2851 3997 2938 4063 de

847 4105 2938 4142 -n—-———————--—-

910 4192 923 4222 ¹
949 4186 1207 4239 AsterUbi
1226 4186 1386 4236 insert
1400 4191 1568 4236 tamen
1586 4185 1837 4248 dominus,
1993 4187 2016 4214 ⁶
2055 4185 2354 4255 extenditur]
2393 4190 2763 4254 extenderetur,
2783 4191 2847 4243 P.

840 4269 886 4320 P
1997 4265 2016 4293 ⁷
2050 4263 2233 4332 ledam]
2269 4266 2454 4326 ladam,
2477 4267 2536 4318 P.

906 4349 927 4379 ²
959 4345 1109 4397 After
1128 4343 1284 4394 abbas
1304 4343 1463 4394 insert
1483 4351 1668 4405 noster,
1688 4343 1752 4393 P.
1995 4345 2016 4372 ⁸
2048 4343 2184 4410 cum]
2223 4345 2454 4411 wanting
2474 4345 2530 4395 in
2551 4346 2612 4397 P.

909 4427 930 4456 ⁸
958 4425 1111 4476 Aster
1132 4429 1163 4474 8
1199 4424 1373 4483 insert,
1397 4437 1657 4474 suceessor-
1680 4421 1841 4488 ipsius
1996 4424 2016 4453 ⁰
2051 4423 2396 4492 vendicarunt]
2435 4425 2788 4490 vendienbant,
2809 4427 2873 4480 P.

842 4505 1038 4557 abbatis
1058 4503 1278 4561 Ricardi,
1299 4500 1360 4553 P.
2000 4503 2037 4533 ¹⁰
2069 4501 2224 4554 After
2265 4506 2467 4556 marisci
2513 4506 2677 4559 insert
2709 4523 2937 4574 compre—

784 4633 791 4643 ,
908 4587 925 4615 ⁴
952 4583 1151 4650 postea]
1190 4596 1396 4644 novum,
1417 4580 1477 4631 P.
1931 4581 2096 4644 hensi,
2119 4581 2180 4634 P.

906 4666 927 4695 ⁵
960 4661 1189 4730 habetur]
1226 4662 1509 4723 haberetur,
1529 4660 1590 4711 P.
