3519 5734
279 2961 346 3010 R.
369 2959 592 3026 Higden,

282 3025 378 3078 col.
403 3032 552 3080 2408.

1207 834 1482 884 morus
1526 832 1744 883 Annas
1786 834 2096 883 marma
2438 854 2443 859 ·
2577 820 2709 889 267

606 1000 802 1088 Apud
861 1003 1102 1069 Acram
1159 1009 1382 1070 autem
1443 1004 1797 1073 Saladinus
1858 1005 2143 1071 Ricardo
2200 1004 2341 1091 regi
2404 1004 2487 1069 de
2549 1024 2709 1090 pace
2733 1002 3045 1067 A.D.’1192.

606 1109 1011 1171 tractaturus
1058 1106 1434 1189 adveniens,
1495 1130 1646 1173 eum
1721 1108 1805 1173 de
1874 1109 2127 1195 treugis
2193 1128 2312 1194 pro
2372 1108 2711 1193 septennio
2733 1096 2947 1215 ἓξὲξ

607 1208 995 1293 requirebat.
1131 1210 1454 1275 Ricardus
1542 1232 1703 1276 vero
1801 1210 1941 1297 ejus
2022 1210 2397 1275 vecordiam
2487 1208 2899 1294 redarmpeace,

607 1331 816 1397 guens
868 1312 930 1375 ei
983 1312 1388 1398 baptismum
1457 1318 1528 1377 et
1574 1334 1855 1399 regnum
1918 1311 2081 1377 alibi
2138 1311 2590 1398 promittebat,
2652 1312 2710 1375 si

606 1417 830 1477 tamen
891 1418 1104 1479 totam
1166 1414 1436 1479 Terram
1497 1414 1811 1479 Sanctam
1870 1414 1931 1479 ei
1990 1414 2451 1499 reconsignans
2510 1413 2711 1478 fidem

611 1515 1054 1581 Christianam
1125 1516 1478 1581 admittere
1537 1521 1953 1602 praeoptaret.
2063 1515 2279 1601 Super
2337 1537 2470 1601 quo
2532 1515 2713 1580 Sala·
2738 1518 2945 1571 Saladin

607 1616 806 1681 dinus
858 1624 1161 1704 repetens
1203 1616 1503 1683 inducias
1547 1618 1910 1696 triduanas,
1960 1640 2001 1682 a
2052 1616 2467 1703 Ricardoque
2511 1617 2711 1683 disce·
2736 1590 3035 1720 &⁰3:⁸15ng

609 1718 788 1799 dens,
853 1743 894 1784 a
966 1720 1305 1786 Saffadino
1377 1720 1584 1786 fratre
1663 1742 1784 1787 suo
1845 1743 2002 1807 erga
2058 1742 2277 1807 regem
2351 1721 2707 1787 Ricardum
2736 1722 2807 1785 by
2828 1722 2910 1770 1¹5⁸
2932 1738 3048 1773 οη

607 1828 857 1888 secreto
936 1822 1050 1889 sed
1125 1827 1352 1888 tamen
1411 1823 1771 1895 violentius
1831 1827 2193 1900 accusatur,
2256 1824 2435 1909 quod
2494 1824 2712 1910 ipsum
2736 1788 2957 1839 brother.

609 1924 967 1989 Ricardum
1016 1926 1090 1989 in
1137 1926 1274 1990 suis
1324 1926 1801 1992 conventiculis
1843 1925 2331 2013 parvipendens
2376 1948 2525 1991 cum
2571 1928 2715 2011 ipso

608 2026 984 2091 conflictum
1025 2027 1268 2093 habere
1321 2029 1641 2114 cupiebat.
1735 2028 2009 2093 Statuto
2059 2027 2167 2093 die
2217 2028 2567 2094 Salaaelinus
2598 2028 2717 2093 Ri-

611 2129 804 2193 cardo
863 2129 1238 2215 regrediens
1321 2131 1580 2215 objecta
1654 2152 1850 2217 super
1924 2130 2341 2196 accusatione
2400 2132 2717 2217 praedicta

611 2229 886 2317 negavit
947 2232 1236 2311 omnin0,
1286 2236 1358 2297 et
1401 2238 1668 2319 treugas
1711 2232 1929 2297 adhuc
1988 2233 2259 2318 repetiit
2316 2233 2715 2320 praelibatas.

612 2330 768 2417 Ipso
827 2354 1090 2418 quoque
1151 2333 1277 2410 die,
1335 2335 1616 2400 nuntius
1679 2335 1953 2399 veniens
2011 2334 2153 2419 regi
2214 2334 2495 2398 Ricardo
2556 2335 2722 2398 inti-

611 2435 827 2498 mavit
871 2436 934 2499 ei
978 2435 1352 2521 Philippum
1397 2457 1618 2523 regem
1666 2436 1981 2500 Franciae-
2006 2435 2079 2499 in
2124 2434 2193 2497 N
2195 2436 2538 2500 ormannia
2567 2456 2719 2501 con-

611 2539 720 2599 tra
791 2536 1006 2621 ipsum
1075 2536 1434 2601 Ricardum
1503 2558 1890 2623 guerrarum
1951 2536 2293 2621 dispendia
2352 2538 2717 2615 suscitasse,

615 2636 1016 2723 fratremque
1061 2637 1203 2722 ejus
1233 2637 1278 2701 J
1281 2638 1606 2705 ohannem
1639 2640 1710 2703 in
1741 2638 1993 2724 Anglia
2020 2638 2415 2724 dignitatem
2446 2640 2716 2726 regiam,

617 2758 922 2803 coronam
977 2740 1038 2805 ei
1085 2740 1543 2825 praeripiendO,
1591 2740 1765 2805 velle
1816 2762 2177 2827 usurpasse.
2271 2740 2419 2821 Quo
2471 2742 2719 2821 audito,
2744 2750 2797 2800 A
2820 2760 2961 2802 truce

621 2838 942 2906 Ricardus
965 2905 970 2910 ,
993 2863 1111 2906 rex
1156 2842 1411 2907 facilius
1462 2865 1763 2910 annuens
1812 2842 2127 2909 Saladino
2158 2849 2425 2932 treugas
2452 2866 2572 2932 pro
2605 2844 2719 2909 tri-
2744 2819 2957 2950 §iffi-ee

618 2942 816 3008 ennio
861 2944 1272 3009 concedebat.
1365 2953 1540 3010 Circa
1589 2955 1716 3010 haec
1768 2961 2036 3026 tempora
2091 2953 2419 3026 Stephanus
2482 2955 2721 3026 quidam
2745 2965 2777 3014 f.
2796 2970 2857 3016 37
2875 2965 2921 3015 b.

617 3051 959 3116 procurator
981 3045 1361 3116 Andegaviae,
1403 3046 1506 3116 qui
1543 3047 1651 3101 sub
1688 3046 1896 3102 diebus
1933 3045 2181 3100 Hem-ici
2218 3046 2252 3100 2
2288 3045 2505 3117 patris¹
2543 3047 2721 3116 hujus
2746 3043 2969 3110 Dessissm*
2992 3046 3057 3094 ⁰f

615 3129 778 3200 regis
816 3129 1058 3184 Ricardi
1093 3129 1414 3200 prudenter
1450 3135 1673 3200 egerat,
1720 3130 2055 3200 conjectans
2092 3135 2289 3183 tamen
2324 3129 2561 3184 delicati
2596 3148 2720 3184 cor·
2748 3111 2986 3175 stepha,

614 3212 775 3283 poris
825 3212 1154 3283 principem
1207 3231 1278 3267 ex
1330 3213 1508 3284 longo
1561 3213 1773 3268 itinere
1825 3219 1885 3267 et
1937 3211 2201 3282 periculo
2252 3230 2368 3267 non
2404 3212 2476 3266 de
2524 3213 2683 3267 facili
2701 3211 2723 3244 ²
2745 3193 2995 3294 &Kx-²⁰¹⁸

613 3312 787 3366 posse
822 3297 1059 3361 reverti,
1099 3297 1338 3352 absente
1374 3314 1536 3367 rege,
1579 3297 1759 3367 coepit
1793 3296 1937 3351 fines
1986 3294 2223 3350 creditae
2267 3295 2379 3350 sibi
2416 3297 2721 3368 potestatis
2748 3261 3015 3374 againsli’u’

613 3389 946 3459 petulanter
982 3389 1280 3445 excedere.
1355 3388 1526 3444 Unde
1563 3394 1642 3454 et,
1683 3388 1963 3444 suadente
2000 3379 2129 3444 sibi
2158 3387 2411 3459 quodam
2446 3389 2723 3444 familiari
2747 3377 2987 3427 Richard-

616 3497 741 3545 su0,
781 3481 1274 3551 nigromanticum
1329 3479 1621 3550 quendam
1672 3479 1988 3545 consuluit,
2026 3485 2227 3536 utrum
2275 3497 2379 3534 rex
2432 3479 2723 3536 Ricardus

617 3569 776 3618 esset
807 3581 1173 3619 reversurus.
1249 3565 1333 3619 At
1367 3563 1490 3628 ille,
1530 3564 1749 3619 ducens
1801 3564 2161 3636 Stephanum
2196 3563 2271 3618 ad
2304 3565 2499 3619 locum
2536 3582 2725 3620 secre-
2747 3580 3002 3631 Deeeived

615 3652 764 3711 tum,
831 3649 1088 3703 ostendit
1147 3649 1203 3703 ei
1263 3653 1442 3718 caput
1499 3665 1726 3702 aeneum
1788 3649 2007 3704 habens
2074 3649 2350 3720 spiritum
2408 3650 2720 3704 inclusum.
2747 3649 2817 3726 by
2840 3663 2905 3696 an
2928 3663 3035 3697 am-

622 3733 660 3756 “
704 3729 971 3798 Quaere,'’
1035 3732 1246 3802 inquit,
1314 3735 1351 3757 “
1380 3731 1453 3785 ab
1512 3731 1626 3786 isto
1683 3749 1814 3802 quae
1864 3732 2155 3796 voluerim
2214 3731 2318 3786 sed
2372 3732 2629 3787 breviter
2666 3737 2726 3787 et
2747 3716 2965 3778 b¹g¹¹0¹¹⁸

623 3815 662 3840 ‘⁴
701 3833 919 3886 pauca:
961 3833 1098 3869 nam
1153 3815 1228 3868 ad
1275 3815 1718 3886 multiloquium
1753 3833 1871 3870 non
1913 3816 2287 3888 respondet.”
2362 3815 2563 3872 Tuno³
2598 3817 2719 3881 ille,
2748 3781 3018 3846 propheey'

624 3901 662 3924 “
701 3899 864 3954 Num
901 3917 1014 3971 ego
1053 3899 1294 3953 visurus
1347 3916 1480 3954 sum
1533 3917 1738 3969 regem
1794 3899 2116 3954 Ricardum
2136 3899 2201 3954 ?”
2274 3901 2354 3955 Et
2400 3901 2721 3971 respondit,

623 3985 662 4010 “
701 3982 1156 4054 Nequaquam.''
1247 3982 1420 4046 Item,
1480 3986 1518 4008 “
1541 3981 1833 4050 Quamdiu
1887 3983 2125 4038 durabit
2182 3985 2536 4038 ministratio
2595 4002 2721 4037 sus-

626 4069 662 4094 “
703 4075 874 4139 cepta
891 4067 955 4122 1²⁹⁹
1044 4067 1387 4138 Respondit,
1445 4069 1482 4093 ‘⁴
1503 4065 1705 4138 Usque
1771 4068 1846 4121 ad
1902 4075 2155 4122 mortem
2210 4068 2434 4122 tuam.'’
2522 4067 2722 4122 Tertio

622 4151 897 4222 quaesivit
951 4151 1284 4223 Stephanus
1343 4149 1446 4203 ubi
1505 4156 1662 4204 esset
1713 4151 2068 4217 moriturus;
2123 4157 2183 4206 et
2226 4167 2573 4222 responsum
2611 4156 2719 4214 est,

627 4239 664 4261 “
705 4235 778 4289 In
811 4235 1076 4307 pluma.’'
1149 4233 1278 4288 Nec
1318 4233 1490 4287 licuit
1523 4233 1580 4287 ei
1616 4233 1867 4288 ulterius
1918 4252 2199 4305 quaerere.
2278 4233 2395 4289 Sed
2444 4233 2722 4290 dimissus

623 4337 660 4374 a
691 4327 828 4374 vate
879 4319 1162 4391 proecepit
1216 4318 1340 4373 suis
1391 4334 1466 4372 ne
1517 4317 1662 4387 quid
1713 4316 2051 4388 plumeum⁴
2088 4320 2286 4390 aliqua
2332 4320 2630 4374 occasione
2671 4319 2726 4372 ei

695 4575 708 4604 ¹
729 4575 922 4638 patris]
950 4582 1015 4634 et,
1038 4575 1100 4623 R.
1125 4574 1196 4626 ΙΙ.
1784 4573 1802 4602 ⁴
1838 4573 1959 4637 qnid
1992 4570 2257 4638 plumeum]
2320 4573 2441 4636 quid
2485 4573 2731 4636 plumum,

691 4655 711 4684 ²
731 4652 908 4717 facile]
932 4655 1012 4702 vel
1031 4669 1130 4701 non
1153 4654 1232 4703 vel
1251 4652 1472 4713 difficile,
1489 4653 1551 4701 R.
1571 4653 1637 4702 ΙΙ.
1722 4651 1833 4702 ΜΞ.
1861 4673 1873 4712 ;
1910 4654 2107 4716 quidem
2134 4653 2369 4716 plumam,
2394 4653 2454 4700 R.
2482 4655 2548 4700 ll.

691 4738 711 4764 ⁸
745 4733 910 4798 Tunc]
939 4733 1052 4784 Cui.
1073 4735 1134 4782 lt.
1161 4735 1226 4782 11.
