3519 5734
1175 858 1455 909 ·moMAs
1500 826 1716 908 Annis
1762 859 2069 908 'rimi-ms,
2544 843 2673 907 269

573 1033 823 1099 consci0,
865 1050 1040 1105 quem
1073 1032 1238 1087 nulla
1271 1031 1563 1086 industria
1598 1030 1810 1085 elicere
1857 1034 2102 1101 poterat.
2178 1030 2453 1095 Tandem,
2492 1028 2681 1101 philo·

574 1117 758 1189 sopho
811 1117 1122 1187 aliquoties
1174 1116 1477 1179 inebriatO,
1520 1114 1865 1169 Girebertus
1925 1114 2143 1168 librum
2202 1114 2275 1168 de
2330 1114 2438 1169 sub
2488 1113 2679 1183 capite

573 1202 836 1273 positum
871 1200 1158 1271 surripuit
1193 1205 1253 1254 et
1288 1198 1462 1270 sugit.
1539 1197 1653 1251 Ille
1693 1215 1831 1252 vero
1886 1215 2087 1252 somno
2143 1215 2422 1251 excussus
2452 1195 2679 1267 judicio

576 1284 882 1344 stellarum
919 1302 1035 1355 quo
1069 1283 1295 1356 peritus
1351 1284 1544 1337 fuerat
1593 1282 1921 1353 fugientem
1954 1282 2304 1352 insequitur.
2380 1280 2681 1351 Profugus

574 1375 772 1425 autem
808 1368 1012 1423 eadem
1049 1373 1173 1423 arte
1207 1368 1537 1438 periculum
1575 1366 1958 1438 comperienS‚
1988 1366 2096 1421 sub
2132 1372 2305 1437 ponte
2343 1366 2539 1437 ligneo
2577 1366 2681 1434 qui

575 1453 872 1523 proximus
911 1456 1038 1506 erat
1075 1470 1138 1507 se
1175 1450 1450 1506 occubuit
1484 1450 1742 1524 brachiis
1778 1449 2069 1521 pendulis,
2098 1456 2167 1505 ut
2188 1468 2295 1504 nec
2332 1467 2545 1521 aquam
2572 1466 2681 1503 nec

573 1540 794 1591 terram
830 1541 1118 1606 tangeret.
1196 1534 1324 1603 Qua
1372 1540 1498 1589 arte
1551 1534 1869 1605 quaerentis
1907 1534 2157 1588 aviditas
2193 1533 2401 1588 delusa
2436 1540 2495 1588 et
2530 1534 2681 1587 frus«

573 1624 730 1675 trata
765 1619 1004 1687 domum
1039 1636 1280 1673 reversa
1331 1624 1438 1674 est.
1515 1619 1678 1673 Tunc
1735 1617 2081 1672 Girebertus
2118 1617 2192 1671 ad
2244 1635 2405 1671 mare
2440 1619 2681 1672 veniens

575 1703 860 1758 accersito
899 1702 1128 1757 diabolo
1164 1703 1503 1774 homagium
1543 1701 1876 1773 pollicetur,
1916 1709 1985 1757 ut
2019 1702 2214 1771 ipsum
2250 1701 2323 1755 ab
2358 1702 2681 1757 insectante

576 1786 946 1841 defensatum
998 1786 1157 1841 ultra
1204 1788 1452 1858 pelagus
1503 1786 1781 1841 eveheret
1832 1792 1891 1841 et
1940 1786 2135 1841 omnia
2188 1785 2303 1839 sibi
2358 1786 2431 1839 ad
2478 1792 2681 1841 votum

577 1869 978 1927 succederent.
1079 1870 1248 1939 Quod
1303 1877 1363 1926 et
1423 1870 1641 1926 factum
1703 1876 1811 1926 est.
1912 1871 2166 1925 Rediens
2228 1888 2370 1941 ergo
2431 1870 2681 1926 Galliam

576 1954 841 2026 publicas
873 1955 1106 2015 scholas
1155 1956 1362 2010 tenuit.
1440 1954 1885 2011 Constantinum
1940 1956 2209 2011 abbatem
2247 1955 2445 2010 Sancti
2498 1956 2685 2010 Maxi·

576 2039 726 2093 mini
765 2039 937 2109 juxta
985 2039 1373 2094 Aurelianum
1410 2056 1612 2094 secum
1659 2040 1885 2095 habuit.
1960 2039 2055 2093 Ad
2094 2056 2267 2110 quem
2302 2040 2574 2110 regulam
2609 2041 2681 2095 de

577 2122 756 2177 abaco
797 2122 1012 2186 edidit3
1049 2121 1310 2177 reddidit
1345 2127 1405 2177 et
1439 2122 1727 2177 rationem
1774 2122 2045 2177 diametri
2082 2140 2258 2192 super
2292 2122 2679 2180 Macrobium.

577 2205 920 2277 Habuitque
959 2205 1276 2276 discipulos
1331 2206 1655 2261 Robertum
1708 2206 1901 2260 filium
1949 2206 2223 2275 Hugonis
2263 2206 2473 2277 Capett
2516 2209 2679 2279 regis
2736 2218 2752 2231 ·

575 2289 859 2355 Franciae,
901 2288 1191 2344 Othonem
1236 2290 1424 2343 filium
1462 2289 1706 2345 Othonis
1741 2290 2133 2361 imperatoris.
2213 2290 2325 2343 Sed
2366 2292 2679 2357 RobertuS,

575 2373 948 2445 postmodum
983 2391 1086 2428 rex
1123 2373 1383 2427 Franciae
1409 2372 1670 2437 effectus,
1711 2373 1855 2428 fecit
1879 2374 2059 2427 istum
2086 2372 2458 2428 Girebertum
2495 2376 2683 2429 archi-

579 2458 920 2529 episcopum
980 2456 1350 2511 Remensem.
1436 2456 1656 2509 Extant
1708 2456 1899 2509 adhuc
1952 2454 2105 2526 apud
2155 2456 2321 2509 illam
2375 2458 2681 2511 ecclesiam

579 2546 956 2595 monumenta
990 2539 1270 2594 doctrinae
1307 2556 1447 2602 suae,
1489 2538 1863 2608 horologium
1915 2545 2041 2593 arte
2076 2539 2415 2593 mechanica
2450 2558 2681 2611 compo·
2706 2551 2741 2601 f.
2765 2558 2845 2603 38.

578 2624 780 2687 situm,
820 2640 1040 2692 organa
1074 2621 1420 2692 hydraulica
1455 2620 1560 2674 ubi
1596 2638 1702 2691 per
1750 2639 1917 2690 aquae
1972 2620 2305 2691 liquefactae
2340 2623 2681 2678 violentiam

555 2712 787 2761 ·ventus
824 2723 1130 2775 emergens
1167 2703 1376 2775 implet
1425 2702 1845 2761 concavitatem
1882 2703 2176 2768 barbatus,
2220 2722 2287 2758 ac
2328 2723 2433 2775 per
2470 2708 2682 2763 forma-

576 2790 714 2845 tiles
751 2796 973 2845 tractus
1010 2790 1222 2844 fistulae
1259 2806 1426 2843 aereae
1463 2787 1789 2843 modulatos
1824 2787 2108 2843 clamores
2146 2789 2439 2844 emittunt.
2514 2792 2681 2848 Post-

577 2875 818 2929 modum
855 2873 1006 2929 Otho
1057 2875 1373 2945 imperator
1427 2873 1666 2928 effectus
1719 2873 1905 2928 erexit
1959 2874 2155 2944 ipsum
2212 2872 2580 2931 Girebertum
2620 2877 2683 2932 in

577 2958 1081 3029 archiepiscopum
1120 2957 1644 3035 Ravennatensem‚
1687 2962 1746 3011 et
1782 2957 1897 3012 cito
1945 2963 2078 3028 post
2112 2956 2175 3008 in
2208 2935 2445 3028 papam.v
2513 2960 2681 3016 Unde
2790 2978 2799 2986 ·

577 3057 640 3105 et
676 3050 962 3105 silvester
996 3049 1077 3102 2¹¹⁸
1113 3055 1204 3104 est
1237 3055 1499 3104 vocatus.
1576 3039 1678 3105 De
1723 3062 1853 3125 quo
1899 3046 2143 3106 eventu
2192 3047 2381 3108 extat
2410 3065 2679 3109 versus:

624 3207 660 3238 “
685 3201 967 3267 Scandit
996 3199 1080 3265 ad
1113 3201 1190 3266 R.
1223 3199 1606 3265 Girebertus
1636 3201 1721 3265 ab
1753 3201 1851 3280 R„
1884 3208 2032 3288 post
2063 3226 2233 3290 papa
2261 3205 2491 3290 vigens
2522 3204 2639 3270 R.”

581 3366 757 3447 Quia
801 3367 882 3431 de
929 3365 1236 3430 Remensi
1285 3365 1552 3448 ecclesia
1599 3365 1873 3430 transiit
1916 3366 2003 3430 ad
2052 3367 2443 3433 Ravennam
2495 3376 2564 3434 et
2613 3372 2685 3436 3⁰

579 3467 668 3532 ad
700 3468 996 3532 Romam.
1071 3474 1338 3545 Urgebat
1373 3475 1668 3528 fortunam
1691 3475 1881 3545 ipsius
1910 3474 2205 3532 Gir-eberti
2230 3480 2395 3534 favor
2430 3479 2680 3546 diaboli3

581 3586 696 3640 quo
727 3569 988 3638 juvante,
1027 3566 1335 3621 thesauros
1387 3565 1460 3619 ab
1515 3565 1658 3619 olim
1709 3567 2031 3622 occultatos
2086 3575 2211 3624 arte
2260 3572 2687 3642 nigromantica

579 3652 884 3722 reperiret.
961 3650 1108 3703 Erat
1155 3652 1295 3702 tunc
1349 3648 1412 3701 in
1468 3647 1688 3720 Campo
1737 3649 1959 3706 Martio
2003 3651 2175 3724 juxta
2210 3653 2455 3710 Romam
2492 3663 2689 3712 statua

583 3733 852 3805 quaedam
903 3733 1158 3787 dexterae
1212 3749 1418 3785 manus
1468 3731 1724 3787 indicem
1774 3733 2029 3804 digitum
2088 3738 2305 3794 habens
2367 3747 2683 3795 extentum.

585 3817 1005 3889 Scriptumque
1043 3816 1106 3869 in
1159 3814 1349 3884 capite
1390 3817 1428 3840 ‘⁶
1451 3815 1570 3870 Hic
1620 3817 1919 3887 percute.’'
1996 3818 2162 3887 Quod
2212 3823 2531 3893 superioris
2574 3825 2685 3879 aevi

581 3901 846 3956 homines
884 3905 1156 3970 putantes
1193 3897 1536 3952 thesaurum
1589 3899 1673 3953 ibi
1727 3903 1988 3972 reperire
2030 3907 2280 3959 statuam
2316 3907 2519 3962 multis
2556 3908 2685 3963 icti-

581 3986 693 4040 bus
731 3984 1109 4038 laniaverant.
1177 3979 1306 4034 Hoc
1331 3981 1692 4052 redarguens
1720 3983 2083 4049 Girebertus,
2111 3987 2233 4041 sole
2268 3989 2329 4041 in
2363 3988 2686 4045 meridiano

582 4073 784 4125 centro
821 4067 1104 4120 existente
1141 4062 1410 4117 umbram
1446 4064 1620 4134 digiti
1656 4068 1881 4122 notavit
1914 4069 2229 4142 palamque
2266 4071 2408 4136 fixit,
2438 4079 2496 4126 et
2519 4079 2687 4128 nocte

581 4151 820 4208 tandem
857 4147 1304 4220 superveniente
1361 4147 1486 4202 solo
1537 4149 1893 4206 cubiculario
1935 4151 2233 4208 lucernam
2270 4161 2535 4224 portante
2570 4168 2687 4211 ter-

583 4255 713 4291 ram
748 4234 970 4290 ibidem
1005 4231 1253 4303 aperuit.
1307 4230 1588 4304 Introque
1613 4251 1854 4304 gressus
1878 4237 2145 4307 reginam
2170 4255 2407 4292 auream
2442 4239 2688 4296 milites·

588 4337 702 4390 que
757 4335 964 4373 aureos
1020 4315 1390 4386 conspicatur
1425 4318 1666 4373 tesseris
1703 4318 1898 4374 aureis
1936 4320 2315 4386 colludentes,
2356 4323 2688 4380 metallinos

585 4419 792 4472 regem
853 4407 912 4456 et
971 4400 1242 4470 reginam
1302 4399 1755 4467 discumbentes,
1808 4404 2074 4474 apposita
2130 4405 2388 4472 obsonia,
2428 4414 2685 4464 astantes

586 4485 910 4548 ministrOS,
938 4493 1181 4555 patenas
1217 4481 1391 4536 multi
1433 4483 1706 4553 ponderis
1745 4491 1806 4541 et
1838 4488 2034 4556 pretii.
2112 4488 2185 4542 In
2219 4490 2497 4545 interiore
2519 4500 2687 4564 parte

587 4569 796 4624 domus
834 4565 1223 4622 carbunculus
1258 4566 1410 4638 lapis
1447 4567 1716 4623 tenebras
1764 4571 1953 4625 noctis
1989 4572 2239 4644 fugavit.
2318 4574 2391 4628 In
2424 4579 2687 4648 opposito

587 4651 808 4722 angulo
844 4651 1035 4705 stabat
1063 4650 1303 4720 juvenis
1342 4668 1476 4705 cum
1511 4658 1742 4708 extento
1780 4671 1940 4710 arcu.
2016 4655 2134 4711 Sed
2166 4659 2232 4712 in
2265 4657 2381 4714 hiis
2418 4661 2685 4718 omnibus

585 4734 740 4794 nihil
773 4735 968 4806 potuit
999 4733 1168 4804 tangi
1205 4738 1538 4805 quanquam
1572 4735 1791 4802 videri„
1859 4738 2011 4794 Oum
2063 4741 2221 4796 enim
2269 4742 2487 4813 aliquis
2522 4761 2683 4801 acce-
