3519 5734
834 829 964 891 332
1349 841 1775 891 ALEXANDER.
1816 839 2033 890 ABBAS
2078 840 2407 902 QUARTUS.

499 1188 533 1238 f.
557 1195 622 1239 4⁸
645 1189 690 1239 b.
835 1188 993 1255 CAP.
1041 1187 1260 1253 XVII.
1311 1188 1330 1226 ¹
1353 1189 1453 1254 Do
1497 1187 1809 1274 cdptione
1868 1187 2061 1254 urbi-s
2110 1187 2740 1274 Constantinopolis
2758 1211 2786 1266 ;
2851 1185 2931 1250 de
2949 1205 3111 1255 nom
3132 1205 3217 1256 the

1012 1289 1328 1356 dmninio
1377 1292 1828 1358 Tartarorum
1850 1317 1879 1372 ;
1924 1291 2005 1356 de
2050 1297 2490 1378 tempestuosa
2532 1289 2713 1356 aeris
2758 1309 2930 1354 com-
2954 1271 3213 1392 ffihffll'l’*

1011 1393 1304 1459 ‘motione
1334 1419 1362 1474 ;
1429 1393 1510 1460 de
1554 1392 1887 1460 hoereticis
1935 1392 2420 1479 Albiyensibns
2448 1418 2477 1474 ,·
2546 1392 2629 1458 do
2683 1391 2932 1458 Sancto

1008 1496 1374 1563 Dominico
1437 1497 1817 1582 confessore,
1880 1503 1941 1563 et
2008 1497 2390 1583 ivweptione
2448 1494 2731 1563 ordinis
2775 1495 2930 1581 fm-

1009 1605 1204 1666 trum
1246 1599 1795 1666 Praedicatomm
1833 1621 1963 1686 per
2004 1599 2313 1666 eundem.

498 1788 634 1838 A.D.
666 1795 788 1841 1197
924 1782 1080 1868 Ipso
1126 1782 1450 1870 siquidem
1498 1783 1889 1849 Innocentio
1941 1805 2115 1871 papa
2160 1788 2200 1850 3
2246 1783 2688 1850 universalem
2732 1781 2931 1850 eccle-

497 1861 680 1988 ,ἓξὲξ
727 1941 787 1991 of
834 1883 998 1948 siam
1043 1885 1472 1972 gubernant-e,
1509 1885 1747 1952 Franci
1795 1891 1865 1952 eb
1904 1885 2153 1951 Veneti
2196 1901 2477 1968 ceperunt
2528 1895 2737 1950 urbem
2786 1894 2933 1950 Con·
2956 1909 3021 1959 R,
3042 1907 3261 1975 Higflffi,

498 1955 782 2058 Constgni-
835 1996 1288 2068 stantinopolim,
1343 2016 1492 2053 anno
1555 1988 1829 2058 Domini
1880 1989 2101 2054 1201.Ξῑ
2178 1997 2255 2052 Ι11
2326 2015 2443 2067 qua
2512 1997 2937 2051 constituerunt
2959 1977 3057 2026 0⁰¹·
3082 1982 3229 2028 ²⁴¹⁶·

495 2075 661 2138 ¹¹⁰Ple·
834 2088 1250 2159 imperatorem
1305 2089 1712 2147 Baldewinum
1774 2091 2067 2147 Flandriae
2128 2089 2417 2146 comitem.
2492 2087 2515 2121 ³
2534 2087 2719 2159 Cujus
2770 2087 2933 2143 urbis

833 2183 1162 2254 captionem
1197 2183 1376 2238 etiam
1417 2189 1554 2255 post
1587 2185 1791 2256 plures
1830 2183 1956 2239 dies
1991 2174 2290 2263 plerique
2334 2172 2541 2239 vicini
2586 2181 2801 2237 accolas
2834 2181 2935 2234 vix

833 2275 1070 2330 credere
1143 2281 1478 2347 potuerunt,
1541 2283 1671 2334 tum
1730 2284 1973 2350 propter
2026 2277 2285 2334 civitatis
2342 2273 2748 2332 fortitudinem
2806 2280 2935 2329 tum

831 2360 1034 2426 etiam
1084 2375 1324 2442 propter
1375 2371 1672 2443 antiquam
1727 2385 1927 2450 quam
1990 2361 2327 2429 habebant·
2377 2369 2764 2442 prophetiam,
2818 2386 2935 2438 qua

831 2463 1178 2534 praedictum
1203 2463 1398 2518 fuerat
1433 2463 1598 2519 illam
1621 2465 1829 2520 urbem
1854 2467 1987 2538 capi
2020 2483 2136 2522 non
2158 2481 2330 2536 posse
2364 2463 2481 2518 nisi
2504 2479 2610 2534 per
2634 2461 2929 2532 angelum.

833 2548 951 2602 Sed
1000 2547 1267 2603 hostibus
1317 2565 1424 2620 per
1467 2566 1704 2604 murum
1751 2550 1853 2605 ubi
1891 2557 2019 2606 erat
2065 2549 2311 2621 angelus
2360 2546 2627 2619 depictus
2668 2545 2935 2604 intranti-

829 2632 958 2697 bus,
1006 2631 1298 2702 indigenae
1332 2650 1440 2703 per
1493 2634 2015 2706 aequivocationem
2056 2633 2254 2706 angeli
2302 2650 2366 2688 se
2403 2631 2676 2702 deceptos
2724 2647 2934 2700 cogno-

494 2733 738 2784 Domina-
828 2729 1057 2780 vcrnnt.
1138 2715 1283 2794 Quo
1301 2714 1328 2752 ⁴
1365 2743 1514 2780 anno
1555 2767 1568 2780 .
1612 2767 1626 2782 .
1672 2768 1685 2780 .
1725 2727 2103 2784 Tartarorum
2138 2726 2470 2781 dominatus
2507 2725 2745 2796 incepit.
2826 2721 2936 2777 Hii
2960 2727 3171 2781 Ibidem.

494 2800 604 2850 ‘³⁰¹¹
625 2800 787 2852 ‘’f‘he
829 2842 1059 2896 nempe,
1083 2825 1193 2882 sub
1216 2825 1512 2882 montibus
1539 2827 1726 2884 Indiae
1764 2829 1827 2884 in
1861 2829 2104 2903 regione
2142 2819 2322 2886 dicta
2338 2827 2586 2884 Tartara
2601 2825 2930 2892 constituti,

494 2867 714 2919 Turtam·
831 2926 1132 2981 dominum
1167 2944 1342 2983 suum
1377 2945 1580 2997 regem
1611 2926 1797 2984 Indiae
1835 2928 2031 2987 David
2064 2923 2349 3000 nomine,
2381 2929 2570 2984 filium
2600 2918 2649 2985 J
2651 2918 2934 2985 ohannis

829 3017 1190 3092 Presbyteri,
1231 3020 1563 3077 occidenter
1613 3022 1688 3076 ad
1737 3022 2248 3096 depopulationem
2266 3024 2286 3055 ⁵
2339 3024 2588 3079 aliarum
2640 3029 2935 3078 terrarum

495 3114 706 3169 violent
827 3119 1256 3185 processerunt.
1345 3104 1569 3172 Tertio
1599 3102 1837 3173 deinde
1881 3130 2058 3175 anno
2104 3114 2420 3196 sequente
2449 3113 2659 3173 tantae
2688 3108 2935 3195 pluviae
2958 3112 3171 3166 Ibidem-

494 3190 694 3237 ‘mm‘
828 3229 976 3274 cum
1039 3206 1358 3272 tonitruis
1426 3214 1495 3273 et
1556 3208 1949 3276 fulminibus
2013 3218 2081 3277 et
2151 3210 2669 3298 tempestatibus
2736 3211 2931 3276 factae

827 3316 987 3377 sunt
1080 3314 1366 3396 quantas
1455 3312 1641 3377 nulla
1729 3313 2039 3379 meminit
2126 3316 2468 3381 hominum
2544 3313 2930 3401 antiquitas.

829 3400 1077 3495 Lapides
1115 3414 1294 3479 enim
1330 3422 1406 3477 ad
1443 3424 1829 3495 quantitatem
1865 3444 2109 3482 ovorum
2146 3426 2557 3499 quadranguli,
2598 3426 2765 3481 mixti
2798 3442 2932 3482 cum

827 3516 1047 3587 pluvia,
1089 3516 1161 3570 de
1212 3515 1361 3571 coelo
1399 3514 1691 3582 cadentes,
1738 3518 1996 3584 arbores,
2036 3520 2235 3575 vineas
2292 3526 2353 3575 et
2394 3524 2627 3591 segetes
2667 3561 2681 3575 .
2726 3560 2741 3573 .
2783 3560 2797 3574 .
2838 3519 2935 3574 de-

831 3614 1168 3663 struxerunt
1217 3614 1275 3663 et
1336 3601 1584 3667 multos
1645 3600 1945 3669 homines
1992 3604 2415 3684 occiderunt3
2480 3605 2791 3690 corvique
2864 3608 2937 3669 et

831 3724 1031 3787 quam
1095 3701 1312 3788 plures
1372 3730 1509 3769 aves
1562 3730 1668 3784 per
1723 3730 1919 3769 aerem
1968 3716 2235 3772 volantes
2284 3716 2401 3773 visi
2456 3722 2599 3773 sunt
2654 3716 2936 3773 carbones

930 3874 1098 3881 ⁴——
1111 3875 1271 3883 ῃ...-

901 3982 914 4011 ¹
951 3980 1063 4031 The
1083 3982 1371 4032 remainder
1393 3984 1454 4032 of
1469 3984 1554 4033 the
1576 3984 1833 4035 narrative
1932 3984 2141 4050 Higden
2164 4006 2179 4045 ς
2220 3993 2273 4037 to
2308 3986 2393 4038 the
2432 3995 2542 4039 true
2574 4003 2697 4054 year
2724 3994 2852 4038 1204
2869 3990 2939 4053 by

829 4062 991 4111 under
1023 4061 1109 4112 the
1141 4064 1336 4127 abbacy
1370 4062 1431 4112 of
1456 4062 1755 4114 Alexander
1788 4065 1834 4114 is
1934 4064 2123 4125 Trivet,
2150 4066 2282 4117 from
2304 4068 2473 4117 whom
2493 4067 2558 4117 he
2587 4070 2821 4119 borrows.

831 4139 1027 4203 printed
1047 4141 1178 4191 from
1209 4142 1294 4191 the
1325 4142 1579 4207 Phillipps
1601 4143 1714 4195 MS.
1784 4144 1835 4193 It
2000 4146 2020 4175 ⁸
2052 4144 2167 4195 The
2202 4156 2559 4212 arrangement
2592 4148 2655 4198 of
2686 4151 2852 4199 words
2882 4148 2941 4197 in

829 4220 986 4269 refers
1007 4226 1061 4270 to
1083 4228 1290 4271 matters
1331 4222 1394 4271 of
1421 4224 1595 4287 public
1617 4224 1831 4288 history,
1930 4224 2033 4275 this
2067 4233 2300 4277 sentence
2333 4226 2379 4277 is
2418 4228 2609 4278 altered
2642 4226 2773 4278 from
2806 4228 2938 4293 Hig-

832 4299 932 4347 and
1002 4300 1098 4348 has
1161 4301 1285 4351 been
1341 4300 1586 4365 abridged
1625 4300 1680 4349 in
1745 4302 1832 4351 the
1932 4305 2047 4355 den.

831 4377 1032 4427 revised
1095 4378 1241 4428 work
1293 4378 1556 4429 exhibited
1636 4378 1691 4427 in
1746 4380 1834 4429 the
1997 4385 2015 4413 ⁴
2050 4383 2247 4446 Trivet,
2314 4384 2445 4435 from
2502 4386 2671 4438 whom
2728 4388 2935 4453 Higden

831 4454 1056 4522 Egel-ton
1123 4458 1256 4519 MS„
1298 4459 1467 4509 where
1525 4458 1610 4509 the
1672 4474 1825 4508 seven
1929 4463 2169 4525 borrows,
2198 4464 2353 4516 refers
2384 4465 2471 4515 the
2504 4474 2937 4519 commencement

828 4536 1092 4601 following
1124 4538 1355 4601 chapters
1396 4537 1456 4587 of
1485 4537 1571 4589 the
1611 4538 1831 4604 original
1928 4541 1990 4591 of
2012 4542 2100 4592 the
2122 4544 2305 4594 Tartar
2325 4545 2583 4595 dominion
2606 4555 2659 4597 to
2693 4546 2780 4597 the
2812 4562 2937 4612 year

829 4618 970 4667 work
1006 4631 1092 4667 are
1114 4618 1434 4683 compressed
1455 4617 1567 4668 into
1589 4624 1716 4670 two.
1934 4626 2073 4674 1202.
2144 4623 2180 4673 i.
2204 4640 2253 4688 p.
2288 4629 2399 4675 171.

1992 4702 2013 4731 ⁵
2046 4701 2483 4774 depopulationem]
2520 4707 2725 4771 rapinas
2760 4716 2811 4759 et
2844 4710 2932 4759 de-

895 4777 916 4805 ²
947 4776 1188 4828 Referred
1223 4783 1276 4827 to
1313 4776 1399 4828 the
1433 4792 1554 4843 year
1593 4783 1720 4829 1208
1755 4780 1826 4845 by
1926 4782 2269 4846 praedatione-⁸3,
2292 4784 2355 4835 R.
2380 4785 2447 4836 H.
