3519 5734
1106 863 1529 918 ALEXANDEB
1571 859 1789 914 Annas
1832 859 2163 924 QUARTUS·
2554 843 2685 912 295

585 1039 1042 1118 assidentibus,
1089 1038 1269 1107 idem
1328 1037 1579 1105 factum
1637 1037 2064 1102 innovarunt.
2172 1035 2469 1104 Tandem
2525 1051 2683 1099 vero
2706 1038 2845 1094 Λᾶ).
2872 1043 3000 1094 119⁷

585 1141 660 1208 in
703 1143 1099 1230 corporalem
1143 1140 1618 1230 possessionem
1661 1139 1955 1227 ipsorum
1976 1138 1996 1176 ¹
2044 1144 2241 1208 terrae
2283 1143 2353 1206 et
2396 1134 2683 1227 passagii
2704 1114 2887 1162 ’¹²¹⁰’

586 1249 656 1310 et
699 1245 982 1312 aliorum
1024 1243 1522 1332 pertinentium,
1554 1242 1678 1309 sub
1707 1242 2071 1308 multorum
2115 1246 2258 1340 tam
2302 1242 2685 1308 clericorum

589 1369 789 1434 quam
863 1347 1155 1414 militum
1218 1352 1294 1414 et·
1361 1346 1647 1412 aliorum
1708 1344 2107 1424 testimonie,
2174 1345 2358 1413 nullo
2420 1345 2689 1411 omnino

588 1451 1094 1530 contradicente,
1167 1449 1530 1516 solenniter
1591 1448 2025 1514 induxerunt.
2140 1447 2272 1516 Sed
2347 1452 2416 1515 et
2484 1446 2691 1514 abbas

589 1557 657 1618 et
699 1554 1004 1620 monachi
1069 1553 1188 1640 qui
1252 1557 1417 1618 tunc
1481 1551 1734 1616 ibidem
1796 1549 2173 1630 adfuerunt,
2238 1573 2323 1618 ne
2384 1550 2548 1638 quid
2614 1550 2687 1616 in

585 1655 1038 1743 praejudicium
1073 1655 1246 1742 juris
1291 1659 1361 1720 et
1407 1658 1548 1720 tam
1606 1653 2094 1720 rationabiliter
2137 1654 2395 1742 adeptae
2439 1674 2687 1742 posses-

587 1759 794 1824 sionis
866 1779 1090 1824 sorum
1165 1757 1408 1844 aliquis
1479 1759 1932 1844 attemptaret,
1993 1761 2135 1824 tam
2195 1757 2269 1824 in
2334 1756 2683 1845 praesentia

588 1860 881 1946 ejusdem
925 1859 1396 1948 archiepiscopi
1441 1881 1640 1946 quam
1685 1859 1961 1946 capituli
2005 1859 2453 1939 Eboracensis,
2500 1863 2568 1924 et
2611 1858 2686 1924 in

589 1963 904 2049 corporali
977 1963 1180 2028 etiam
1253 1963 1654 2049 possessione
1739 1963 2107 2043 constituti,
2181 1963 2269 2030 ad
2343 1962 2687 2028 dominum

587 2085 826 2152 papam
869 2069 941 2132 et
983 2065 1071 2130 ad
1131 2069 1524 2132 memoratos
1584 2069 1963 2132 executores
2024 2065 2457 2153 appellarunt,
2503 2087 2573 2132 se
2618 2070 2689 2132 et

588 2169 810 2233 omnia
869 2190 1006 2247 sua,
1058 2172 1128 2235 et
1193 2168 1378 2234 illam
1441 2169 1730 2234 maxime
1791 2173 2055 2248 tem,
2099 2169 2223 2235 sub
2280 2169 2687 2257 protectione

589 2269 734 2346 Dei,
779 2269 1032 2336 domini
1075 2293 1266 2358 papae
1310 2275 1380 2337 et
1409 2276 1837 2338 executorum
1879 2294 2165 2350 suorum,
2194 2274 2684 2339 constituentes.

591 2373 746 2438 Hiis
819 2375 920 2439 ita
980 2374 1282 2460 peractis,
1349 2374 1568 2440 dictus
1642 2374 2159 2462 archiepiscopus
2220 2398 2359 2442 rem
2431 2382 2685 2463 gestam
2709 2392 2809 2444 His
2831 2395 3007 2460 appeal
3110 2425 3117 2432 -

589 2498 762 2562 aegre
805 2476 1035 2556 ferens,
1095 2476 1505 2564 significavit
1566 2498 1682 2566 per
1749 2477 2009 2544 litteras
2074 2483 2143 2544 et
2206 2480 2478 2546 nuntios
2536 2501 2689 2546 suos
2709 2461 3003 2529 ⁰⁰ng

587 2577 780 2644 fratri
823 2599 960 2657 suo,
1006 2578 1302 2645 Johanni
1346 2579 1507 2667 regi,
1539 2579 1718 2666 quod
1749 2579 1953 2646 abbas
1984 2585 2053 2651 et
2081 2581 2386 2648 monachi
2429 2583 2645 2650 nostri
2662 2581 2691 2620 ⁹

590 2683 819 2744 contra
861 2679 1376 2766 prohibitionem
1426 2681 1786 2768 justitiarii
1830 2683 1936 2748 sui
1981 2703 2239 2750 causam
2283 2684 2497 2772 ipsam
2541 2707 2689 2773 pro-

589 2782 802 2847 secuti
861 2788 1036 2864 sunt,
1099 2786 1169 2848 et
1227 2788 1458 2849 contra
1525 2804 1832 2850 coronam
1899 2789 1969 2850 et
2035 2786 2435 2875 dignitatem
2502 2811 2690 2856 suam

588 2885 840 2971 regiam
900 2884 1042 2951 lata
1102 2886 1236 2953 fuit
1300 2886 1446 2974 ipsa
1512 2887 1861 2955 sententia.
1971 2887 2076 2955 Ob
2150 2913 2352 2978 quam
2425 2913 2690 2959 causam

589 2985 904 3074 praefatus
947 3009 1068 3054 rex
1124 2988 1226 3055 ira
1283 3010 1528 3077 magna
1586 2995 1950 3057 commotus
2009 2991 2198 3060 dedit
2240 2995 2313 3059 in
2356 2996 2690 3063 mandatis

589 3089 963 3156 vicecomiti
1006 3088 1404 3159 Eboracensi
1463 3093 1782 3179 quatinus
1840 3094 2150 3162 abbatem
2210 3103 2281 3179 et
2339 3099 2690 3167 monachos

587 3197 846 3259 nostros
920 3197 1102 3259 terra
1167 3194 1312 3281 ipsa
1375 3195 1704 3283 spoliaret,
1772 3201 1840 3263 et
1906 3197 2105 3265 laicos
2172 3200 2288 3287 qui
2351 3222 2435 3267 ex
2499 3208 2691 3289 parte

585 3300 812 3389 nostra
827 3293 854 3333 ⁸
897 3296 971 3361 in
1015 3318 1094 3364 ea
1136 3297 1401 3365 inventi
1445 3297 1725 3369 fuissent
1770 3300 2218 3383 incarceraret,
2266 3324 2403 3371 non
2444 3306 2576 3370 nisi
2603 3306 2691 3372 ad

575 3401 831 3486 jussum
900 3402 1070 3487 regis
1137 3400 1556 3483 liberandos3
1625 3424 1789 3489 quos
1848 3403 2053 3471 etiam
2096 3412 2167 3473 et
2232 3407 2558 3489 animalia,
2620 3413 2690 3476 et

587 3500 902 3587 quicquid
945 3502 1131 3573 aliud
1176 3503 1258 3569 de
1301 3504 1680 3573 substantia
1721 3511 1951 3573 nostra
1971 3507 1999 3547 ⁴
2044 3508 2291 3577 ibidem
2320 3510 2691 3594 inventum,

589 3602 989 3671 confiscaret.
1081 3602 1214 3669 Sed
1278 3610 1348 3671 et
1409 3606 1628 3694 ipsum
1671 3607 2127 3677 Alexandrum
2188 3612 2499 3681 abbatem
2544 3636 2692 3681 nos-

589 3708 770 3769 trum
793 3702 818 3740 ⁵
865 3707 934 3769 et
987 3703 1248 3789 judices
1315 3707 1555 3794 quibus
1618 3731 1815 3777 causa
1881 3711 2025 3800 ipsa
2082 3737 2125 3780 a
2183 3716 2451 3785 domino
2517 3740 2693 3807 papa

483 3886 488 3891 δ
588 3805 654 3871 fu
662 3808 803 3872 erat
847 3806 1196 3873 commissa
1225 3812 1626 3879 auctoritate
1655 3814 1863 3901 regali
1892 3822 2153 3903 cogeret
2182 3820 2264 3886 de
2308 3826 2708 3910 contemptu·

589 3907 763 3995 regis
828 3907 902 3973 in
969 3907 1173 3995 ipsius
1236 3912 1419 3978 curia
1472 3913 1616 3999 juri
1667 3936 1913 4003 parere,
1979 3941 2180 4006 quare
2243 3922 2317 3987 in
2376 3924 2689 4011 injuriam

591 4031 846 4077 coronae
921 4010 1130 4098 ipsius
1205 4014 1370 4079 talia
1445 4018 2030 4105 praesumpsissent.
2149 4023 2475 4093 Dominus
2538 4048 2691 4115 ergo

593 4113 797 4180 abbas
838 4114 1222 4182 Alexander
1266 4117 1620 4205 praefatum
1677 4143 1898 4211 regem
1942 4125 2129 4209 adiit,
2174 4132 2390 4195 cartas
2434 4135 2505 4197 et
2549 4152 2694 4196 mu-

591 4216 890 4282 nimenta
954 4238 1104 4303 quse
1135 4224 1144 4232 '
1173 4210 1253 4283 de
1322 4222 1604 4308 praefata
1678 4229 1855 4291 terra
1927 4227 2165 4294 habuit
2240 4232 2547 4312 ostendit,
2624 4237 2693 4298 et

593 4320 928 4385 licentiam
987 4320 1361 4407 justitiarii,
1434 4329 1663 4392 contra
1728 4328 2241 4415 prohibitionem
2308 4356 2505 4421 quam
2555 4336 2696 4427 ipse

666 4557 678 4584 ¹
706 4556 942 4622 ipsorum]
969 4556 1145 4621 ipsius,
1169 4558 1227 4608 P.
1762 4564 1781 4593 ⁴
1814 4565 2007 4631 nonem]
2034 4568 2411 4635 monachorum,
2432 4572 2493 4623 P.

663 4635 684 4663 ²
704 4634 890 4700 nostri]
919 4636 981 4685 de
1007 4636 1188 4699 Melea,
1213 4636 1274 4689 P.

664 4714 684 4743 ⁸
717 4714 912 4781 nostra]
951 4714 1204 4768 dictorum
1229 4719 1608 4783 monachorum,
1761 4725 1781 4753 ⁵
1815 4724 2055 4793 nostr-um]
2084 4727 2311 4795 wanting
2330 4728 2387 4780 in
2409 4728 2468 4782 P.

600 4792 662 4844 P.
