3519 5734
733 813 860 877 136
1385 827 1586 877 Anffl
1629 827 1847 877 Annas
1892 827 2169 876 mimus.
2212 835 2219 842 ·

725 1007 900 1068 runt.
1011 1010 1154 1082 Ipsa
1221 1011 1530 1066 concordia
1585 1016 1720 1066 ante
1778 1009 1971 1065 natale
2022 1008 2261 1064 Domini
2318 1006 2659 1064 confirmata
2714 1013 2825 1063 est.

724 1103 820 1157 Ad
880 1109 1116 1159 octavas
1168 1120 1422 1174 namque
1480 1101 1827 1174 Epiphaniae
1884 1118 2092 1156 rursus
2151 1098 2309 1171 apud
2362 1098 2644 1155 Oxoniam
2692 1116 2826 1155 con-

385 1183 567 1250 Falty
720 1193 1024 1243 venerunt.
1115 1185 1256 1252 Ubi
1305 1187 1494 1271 jussu
1545 1186 1720 1273 regis
1765 1184 2135 1272 Anglorum
2180 1203 2477 1270 proceres
2512 1191 2824 1252 fidelitates

388 1267 556 1301 ηοω
577 1253 648 1317 by
723 1286 861 1341 duci
919 1287 1098 1342 simul
1156 1287 1561 1353 exhibuerunt,
1623 1287 1758 1358 regi
1826 1287 2107 1342 honorem
2176 1284 2439 1340 debitum
2508 1282 2820 1354 fidemque,

385 1316 698 1435 gedxfflhty
723 1377 863 1432 dum
899 1379 1144 1446 viveret,
1185 1379 1602 1435 conservaturi.
1638 1419 1653 1435 .
1683 1421 1698 1436 .
1730 1422 1745 1436 .
1792 1369 1883 1436 Et
1910 1391 2049 1435 non
2080 1368 2290 1433 multo
2320 1373 2486 1454 post,
2510 1388 2657 1433 cum
2677 1366 2823 1451 jam

385 1448 680 1582 {ffzium
721 1469 860 1555 ipse
905 1470 1044 1535 dux
1107 1493 1225 1556 per
1267 1493 1518 1536 annum
1579 1472 1654 1536 in
1695 1471 1941 1560 Anglia
1983 1492 2102 1558 pro
2146 1469 2289 1556 ejus
2333 1468 2822 1556 recuperatione

383 1606 440 1646 to
460 1597 592 1647 Nor.
720 1577 1159 1637 commoratus
1197 1571 1446 1648 fuisset,
1478 1578 1744 1659 accepta
1771 1596 1814 1638 a
1840 1594 1992 1660 rege
2022 1569 2308 1662 licentia,
2342 1569 2820 1635 Normanniam

385 1665 590 1732 mandy.
719 1674 1083 1760 repedavit.
1115 1727 1128 1740 .
1161 1722 1179 1740 .
1213 1725 1226 1740 .
1263 1675 1410 1739 Rex
1452 1681 1678 1740 autem
1709 1675 2087 1763 Stephanus
2116 1673 2188 1737 in
2219 1694 2375 1759 pace
2421 1677 2579 1737 tunc
2606 1672 2821 1757 primo

721 1797 866 1860 quae
941 1775 1122 1863 regio
1197 1775 1608 1842 debebantur
1668 1776 1919 1858 honori,
1994 1774 2297 1862 adoptivi
2371 1773 2495 1838 filii
2581 1773 2818 1860 gratia,

381 1881 606 1947 8ῐῑὲῐὼθῐὶ
718 1878 1213 1963 potentissimus
1243 1878 1668 1944 obtinebat..
1774 1887 1991 1946 ,Cum
2024 1904 2280 1958 namque
2316 1885 2627 1941 castellum
2662 1883 2819 1956 quod

381 1950 528 2000 takes
719 1986 961 2034 vocatur
1011 1979 1208 2034 Drake
1256 1979 1428 2050 juxta
1475 1980 1808 2036 Eboracum
1860 2019 1877 2036 .
1920 2020 1935 2034 .
1979 2021 1993 2034 .
2038 2019 2053 2034 .
2110 1979 2417 2033 obsessum
2469 1976 2814 2048 excepisset,

381 2015 662 2133 armena
717 2071 948 2143 aliaque
997 2072 1188 2127 multa
1235 2072 1424 2127 victor
1483 2072 1850 2139 obtinuisset,
1902 2077 1963 2128 et
2021 2071 2265 2127 castella
2330 2067 2622 2147 tempore
2680 2081 2818 2138 suo,

379 2147 647 2266 ffissszgff·
714 2169 864 2250 post
933 2169 1213 2230 mortem
1257 2163 1567 2230 videlicet
1612 2165 1889 2231 Henrici
1932 2163 2123 2250 regiS,
2167 2162 2242 2226 in
2300 2163 2609 2249 pessimos
2654 2184 2814 2228 usus

713 2265 1216 2352 circumquaque
1261 2273 1638 2332 constructa
1687 2275 1992 2339 diruisset,
2032 2271 2452 2328 Doroberniam
2486 2272 2807 2342 repetebat.

375 2375 473 2429 His
494 2381 645 2431 death
715 2368 954 2454 Ibique
1041 2367 1116 2432 in
1204 2368 1632 2453 colloquendo
1722 2365 1948 2433 comiti
2040 2361 2449 2440 Flandrensi,
2542 2367 2811 2448 propter

379 2453 432 2496 at
453 2446 502 2495 D
505 2462 641 2498 ‘'w''
712 2470 1025 2534 intimum
1080 2469 1366 2535 dolorem
1435 2472 1826 2536 continuum
1889 2467 1973 2534 ob
2032 2465 2410 2532 medietatis
2470 2465 2676 2551 regni,
2729 2471 2811 2531 ut

713 2572 975 2651 dicitur,
1069 2573 1502 2650 amissionem,
1575 2599 1710 2636 cum
1775 2581 1902 2650 jam
1975 2579 2097 2632 sere
2167 2575 2569 2631 novemdecim
2642 2577 2805 2632 annis

710 2683 999 2739 laboriose
1051 2683 1229 2737 nimis
1285 2689 1348 2738 et
1395 2681 1714 2737 infeliciter
1763 2685 2075 2752 regnasset
2134 2669 2528 2745 infirmat-usi,
2583 2691 2659 2734 ac
2720 2673 2803 2735 25

375 2781 428 2831 Is
451 2782 629 2834 buried
708 2775 818 2838 die
885 2773 1189 2839 Octobris
1247 2779 1464 2838 morte
1522 2777 1921 2858 praeventuS,
1968 2770 2147 2857 apud
2200 2771 2673 2836 monasterium
2726 2771 2807 2838 de

374 2849 637 2966 3315&-
709 2874 1114 2940 Faversham
1181 2876 1255 2938 in
1324 2874 1582 2954 Cantia,
1646 2874 1825 2959 quod
1904 2874 2046 2961 ipse
2118 2872 2537 2953 fundaverat,
2602 2873 2809 2959 juxta

376 2993 488 3043 The
511 3009 604 3044 no·
707 2997 980 3042 uxorem
1027 2981 1096 3040 et
1139 2976 1353 3040 filium
1398 2998 1593 3040 suum
1623 2974 2059 3041 Eustachium
2089 2974 2418 3060 sepelitur.
2515 2984 2809 3040 Miserunt

374 3060 523 3125 bffity
544 3063 670 3111 “end
708 3095 852 3149 ergo
887 3076 1256 3133 Theobaldus
1305 3078 1782 3149 archiepiscopus
1820 3076 2258 3133 Cantuariensis
2301 3082 2362 3131 et
2396 3093 2569 3147 quam
2605 3076 2805 3147 plures

372 3126 462 3242 ἐξ
477 3128 686 3243 {is-23¹3,-
707 3170 942 3242 Angliae
1001 3186 1271 3241 proceres
1322 3170 1557 3227 nuntios
1619 3170 1963 3225 festinantes
2021 3185 2128 3239 pro
2188 3168 2419 3223 domino
2480 3185 2589 3223 suo
2640 3182 2807 3246 prae-

375 3261 578 3325 mandy·
707 3264 954 3349 scripto
999 3262 1289 3327 Henrico
1333 3272 1482 3325 duce
1518 3270 2012 3333 Normannorum,
2040 3275 2108 3323 ut
2140 3285 2391 3339 regnum
2426 3273 2803 3339 suscepturus

706 3366 1108 3421 incunctanter
1178 3363 1499 3419 adveniret.
1599 3362 1926 3432 Impeditus
1997 3367 2194 3416 tamen
2251 3360 2439 3416 ventis
2512 3366 2573 3415 et
2631 3363 2801 3429 mari,

706 3449 1020 3520 causisque
1071 3465 1248 3519 quam
1301 3447 1590 3518 pluribus,
1629 3445 1834 3516 paucis
1890 3444 2097 3499 diebus
2152 3450 2285 3500 ante
2336 3445 2529 3501 natale
2567 3445 2805 3502 Domini

707 3550 842 3587 cum
911 3530 1163 3601 conjuge
1235 3535 1295 3586 et
1366 3530 1649 3585 fratribus
1723 3529 1868 3593 suis,
1944 3528 2265 3598 multisque
2337 3529 2673 3600 potentibus
2745 3538 2806 3587 et

378 3624 476 3674 His
497 3626 684 3677 arrival
705 3615 936 3685 magnis
973 3614 1176 3685 copiis,
1204 3614 1360 3685 apud
1394 3614 1728 3669 Newforest
1761 3612 2109 3683 applicabat.
2175 3611 2318 3667 Fuit
2354 3618 2551 3667 autem
2585 3613 2807 3685 Anglia

373 3696 426 3739 at
447 3690 576 3741 New’
705 3698 832 3753 sine
879 3714 1024 3767 rege
1095 3698 1282 3768 quasi.
1333 3714 1434 3753 sex
1501 3696 1901 3752 hebdomadis,
1978 3695 2197 3749 Tamen
2250 3694 2363 3748 Dei
2415 3696 2609 3765 gratia
2658 3714 2805 3767 prae-

371 3756 563 3808 Fam·
705 3781 977 3837 veniente
1026 3798 1170 3851 pace
1222 3798 1339 3836 non
1390 3781 1601 3845 caruit,
1643 3779 1742 3835 vel
1794 3796 1901 3849 pro
1950 3776 2112 3849 regis
2164 3793 2361 3831 amore
2416 3780 2649 3834 venturi
2700 3798 2806 3835 seu

375 3884 651 3936 Confirma-
705 3874 936 3929 timore.
1029 3863 1459 3951 Praescriptus
1523 3868 1749 3929 autem
1810 3862 2190 3948 Stephanus
2255 3883 2390 3939 rest,
2440 3863 2599 3927 dum
2660 3886 2805 3951 reg-

370 3951 594 4081 tsiaepffin
707 3971 916 4047 naret,
977 3972 1128 4053 post
1193 3967 1650 4032 fundationem
1717 3964 2100 4031 monasterii
2172 3964 2384 4029 nostri
2448 3965 2529 4030 de
2598 3966 2807 4031 Melsa

371 4094 424 4135 ιο
445 4084 534 4135 the
553 4100 663 4135 mo·
709 4074 994 4153 quatuor
1037 4069 1246 4147 annis,
1293 4068 1605 4154 quicquid
1650 4074 1812 4133 tunc
1854 4067 2044 4131 nobis
2089 4066 2548 4131 conferebatur
2612 4067 2804 4133 nobis

371 4151 664 4267 muys?
710 4170 1148 4247 confirmavit,
1197 4170 1480 4235 liberum
1527 4174 1596 4233 et
1627 4169 1928 4254 quietum
1975 4168 2055 4232 de
2101 4166 2801 4254 Danegyld,1nurdr0,

371 4285 440 4335 all
465 4284 596 4335 their
713 4276 782 4335 et
851 4272 952 4337 de·
997 4272 1303 4336 omnibus
1366 4270 1614 4357 geldis3
1663 4292 1814 4336 cum
1877 4291 2027 4335 soca
2093 4273 2162 4333 et
2208 4290 2371 4348 saca,
2436 4274 2506 4333 et
2572 4270 2670 4334 tol
2732 4278 2801 4337 et

365 4366 691 4415 possessxonz.
711 4372 955 4452 theam,
1001 4378 1072 4439 et
1099 4373 1533 4460 infangtheof,
1579 4378 1648 4439 et
1675 4395 1826 4439 cum
1856 4372 2007 4437 aliis
2034 4371 2464 4437 libertatibus
2507 4377 2576 4437 et
2620 4375 2800 4459 quie-

705 4473 946 4539 tantiis
1003 4496 1152 4542 cum
1206 4475 1449 4561 quibus
1501 4475 1771 4541 ecclesia
1822 4474 2006 4539 beati
2060 4474 2241 4539 Petri
2312 4474 2801 4563 [Eboracensis]

699 4582 888 4643 tenet
931 4582 1000 4642 et
1045 4577 1266 4643 habet.
