3519 5734
1231 838 1429 929 aueo
1472 875 1687 930 Asms
1731 878 2046 938 Qum'rus.
2545 866 2678 933 403

583 1049 833 1123 septimo
868 1050 966 1105 die
1002 1049 1151 1107 Julii
1188 1068 1338 1107 anno
1374 1051 1615 1109 Domini
1652 1051 1814 1107 1208.
1884 1052 1958 1107 In
2005 1051 2260 1107 secundo
2295 1053 2492 1108 tamen
2527 1070 2676 1109 anno
2699 1060 2836 1113 ΑΒ.
2860 1066 2988 1116 1199

581 1134 921 1206 hujusmodi
972 1135 1294 1203 interdicti,
1334 1153 1677 1193 concessum
1734 1142 1828 1191 est
1880 1135 2146 1192 ecclesiis
2199 1137 2675 1193 conventualibus
2697 1134 2879 1181 4216.

582 1218 766 1274 semel
788 1218 853 1275 in
885 1218 1251 1277 hebdomada
1284 1219 1529 1277 missam
1552 1220 1873 1287 celebrare,
1900 1220 1974 1275 ob
1999 1220 2415 1275 eucharistiam
2427 1228 2676 1301 'propter

582 1320 773 1374 aegros
804 1304 1279 1373 conservandam,
1308 1308 1370 1359 et
1390 1305 1669 1379 parv-ulos
1692 1304 1996 1377 baptizari.
2055 1305 2226 1361 Anno
2251 1304 2489 1361 Domini
2513 1306 2672 1373 1206,
2702 1311 2865 1362 order
2886 1310 2949 1362 of

584 1386 833 1445 Sanctus
882 1387 1235 1448 Franciscus
1279 1388 1504 1461 incepit
1552 1389 1818 1448 ordinem
1865 1390 2115 1448 fratrum
2149 1390 2446 1447 Minorum
2495 1409 2678 1465 prope
2699 1378 2872 1429 Friars

582 1471 883 1538 civitatem
916 1472 1227 1541 Assisam‚¹
1263 1474 1421 1545 apud
1458 1472 1734 1533 Sanctam
1767 1473 2020 1533 Mariam
2057 1474 2131 1531 de
2165 1475 2563 1533 Portiuncula.
2699 1444 2912 1497 Μίῃοη·

578 1758 722 1817 ΧΠ.
769 1762 857 1817 De
896 1760 1185 1819 discordia
1229 1760 1379 1818 ’ἱηίον
1412 1778 1592 1839 reqem
1625 1765 1677 1818 et
1714 1780 1968 1836 proceres
1983 1784 2005 1829 ,·
2066 1762 2132 1818 de
2195 1762 2490 1819 Lodowioo
2543 1762 2676 1833 filio

722 1846 871 1919 reqis
918 1846 1185 1903 stancius
1230 1850 1419 1903 vocato
1454 1847 1534 1903 ad
1564 1846 1809 1921 remmon
1854 1846 2078 1919 Anylv‘oe
2096 1868 2118 1913 ,-
2181 1847 2248 1903 de
2295 1852 2468 1903 morte
2526 1848 2678 1919 repis

721 1930 773 2069 ⁸017)
767 1930 1008 2070 ῖὴωηφξίεῖ
1089 1935 1141 1987 et
1212 1930 1593 2043 coronatione.
1630 1931 1874 1987 Hem-ici
1943 1931 2071 2001 filia:
2141 1932 2255 1998 sui,
2333 1936 2384 1987 et
2457 1948 2680 1987 recessu

651 2162 797 2221 Post
842 2163 989 2230 haec,
1040 2168 1170 2221 orta
1222 2169 1314 2221 est
1366 2164 1660 2222 discordia
1708 2164 1867 2222 inter
1912 2182 2118 2238 regem
2168 2170 2230 2223 et
2277 2184 2569 2238 proceres,
2610 2182 2678 2221 eo
2700 2169 2947 2221 Excesses

582 2248 741 2317 quod
774 2248 933 2304 idem
968 2266 1073 2304 rex
1109 2248 1462 2321 infringeret
1507 2250 1676 2321 leges
1728 2248 1930 2307 Sancti
1977 2249 2252 2306 Edwardi
2289 2249 2674 2315 Confessoris‚
2702 2237 2763 2286 ⁰f
2775 2237 2902 2303 king

580 2348 822 2387 uxorem
856 2332 1057 2389 statiis
1098 2333 1193 2391 sui
1218 2332 1473 2389 Galfridi
1502 2332 1629 2404 jam
1664 2334 1888 2389 mortui
1921 2333 2334 2405 frequentavit,
2373 2350 2585 2390 uxores
2621 2339 2683 2388 et
2703 2303 2860 2355 ³⁰¹⁸*

582 2415 733 2472 filias
773 2416 1063 2472 nobilium
1098 2416 1426 2483 defloravit,
1465 2416 1723 2472 foeminae
1756 2416 1910 2471 nulli
1960 2416 2170 2473 saltem
2221 2418 2486 2489 pepercit
2538 2418 2681 2489 quin

580 2516 711 2555 eam
781 2500 1045 2557 libidinis
1118 2500 1325 2556 ardore
1394 2500 1577 2557 vellet
1633 2501 1948 2557 maculare.
2050 2501 2330 2558 Sanctum
2391 2502 2681 2573 quendam
2704 2484 2740 2535 f·
2763 2490 2846 2535 46.

580 2583 795 2649 virum,
851 2585 1089 2639 nomine
1140 2584 1385 2639 Petrum
1438 2583 1511 2639 de
1564 2584 1955 2662 PontefractO,
1995 2585 2245 2643 distrahi
2279 2586 2422 2643 fecit
2457 2592 2518 2643 et
2554 2604 2680 2643 sus-

582 2667 777 2739 pendi,
817 2685 887 2723 eo
922 2667 1080 2741 quod
1128 2667 1483 2739 praedixerat
1518 2666 1575 2722 ei
1608 2668 1798 2723 multa
1847 2668 2172 2725 infortunia
2202 2676 2444 2741 propter
2479 2670 2682 2726 crude·
2761 2732 2773 2745 ·

581 2752 779 2809 litates
848 2758 911 2809 et
967 2752 1381 2809 fornicationes
1441 2768 1579 2809 suas
1632 2752 1904 2809 affutura.
1977 2752 2102 2831 Isti!
2143 2753 2322 2809 Petro
2369 2755 2462 2811 bis
2524 2754 2680 2827 apud
2703 2732 2888 2783 V¹⁸i⁰¹²
2898 2748 3014 2785 “⁶¹¹

582 2836 914 2894 Eboracum
949 2842 1013 2894 et
1046 2835 1229 2894 semel
1262 2836 1419 2908 apud
1454 2836 1955 2894 Pontemstactum
1990 2838 2263 2910 apparuit
2287 2837 2578 2906 Christus,
2618 2838 2682 2895 in
2701 2801 3016 2920 Egfflffiet.

583 2921 771 2978 forma
802 2923 975 2994 pueri
1034 2922 1192 2977 inter
1241 2937 1451 2976 manus
1502 2921 1846 2988 sacerdotiS,
1886 2923 2188 2980 insufflans
2223 2923 2288 2978 in
2323 2941 2460 2980 eum
2495 2929 2558 2980 et
2589 2929 2682 2980 ter

585 3005 805 3072 dicens,
849 3009 887 3036 “
907 3006 1048 3073 Pax,
1088 3023 1219 3080 pax,
1258 3023 1373 3078 pax
1400 3005 1414 3059 1
1438 3005 1474 3030 ”
1512 3005 1830 3077 docuitque
1867 3023 2004 3062 eum
2036 3007 2228 3062 multa
2263 3025 2396 3078 qum
2431 3013 2686 3080 postmo-

582 3089 723 3146 dum
760 3091 1056 3147 enarravit
1076 3089 1449 3162 pontificibus
1486 3094 1547 3145 et
1580 3089 1814 3162 populis
1849 3091 2004 3146 male
2027 3091 2381 3148 viventibus.
2457 3092 2686 3164 Raptus

583 3180 675 3230 est
709 3175 889 3232 etiam
925 3174 1239 3246 aliquando
1261 3172 1325 3228 in
1358 3173 1575 3230 mentis
1612 3189 1858 3230 excessu
1893 3191 2001 3247 per
2037 3176 2070 3230 3
2107 3175 2234 3230 dies
2271 3181 2332 3231 et
2365 3183 2585 3242 noctes,
2626 3183 2687 3232 et

580 3259 735 3314 vidit
767 3257 1005 3315 interim
1040 3257 1257 3331 gaudia
1290 3257 1597 3314 beatorum
1632 3263 1693 3315 et
1725 3275 1930 3330 poenas
1964 3259 2363 3329 reproborum.
2436 3259 2686 3332 Propter
2707 3255 2892 3322 Rissing
2913 3257 2969 3307 of

583 3350 781 3400 autem
839 3345 1234 3402 dissensiones
1248 3343 1272 3376 ²
1318 3343 1476 3400 inter
1522 3361 1729 3416 regem
1789 3348 1851 3399 et
1897 3361 2190 3416 proceres,
2242 3345 2409 3400 misit
2455 3363 2560 3402 rex
2609 3345 2686 3402 ad
2707 3323 2793 3373 ὼε
2812 3325 3011 3376 mmm·

584 3446 880 3484 summum
914 3428 1268 3501 pontificem,
1308 3445 1669 3499 conquerens
1724 3428 1884 3500 quod
1929 3433 2131 3484 contra
2175 3427 2520 3486 fidelitatem
2553 3449 2686 3502 pro·

584 3529 749 3568 ceres
778 3512 905 3583 jem
937 3512 1133 3584 parati
1168 3516 1336 3568 erant
1368 3512 1683 3583 insurgere
1718 3517 1923 3568 contra
1958 3530 2114 3568 eum.
2187 3512 2600 3586 Miseruntque
2625 3521 2686 3570 et

582 3613 857 3668 proceres
892 3613 999 3668 pro
1033 3601 1201 3668 parte
1228 3614 1352 3662 sua,
1380 3595 1453 3651 de
1486 3597 1727 3668 injustis
1752 3596 2153 3654 exactionibus
2189 3602 2252 3653 et
2284 3599 2447 3670 regis
2485 3604 2682 3670 tyran-

582 3679 721 3734 nide
756 3683 1212 3750 conquerentes3
1260 3685 1323 3734 et
1354 3679 1597 3736 interim
1632 3685 1838 3736 contra
1870 3697 2076 3753 regem
2110 3681 2571 3748 insurrexerunt,
2623 3689 2685 3739 et

582 3762 853 3819 civitates
891 3763 1174 3835 quasdam
1211 3767 1271 3818 et
1303 3763 1477 3820 villas
1512 3763 1712 3834 regias
1749 3770 2201 3837 occupaverunt,
2229 3767 2492 3822 maneria
2513 3767 2682 3838 regis

586 3846 991 3919 depraedantes
1025 3846 1429 3912 incenderunt,
1468 3847 1783 3922 ipsumque
1818 3866 2024 3921 regem
2062 3847 2103 3904 J
2104 3849 2390 3904 ohannem
2426 3869 2461 3905 a
2495 3868 2680 3922 regno

581 3935 643 3986 et
680 3930 969 4002 regimine
1006 3931 1297 4002 expellere
1333 3931 1569 3988 omnino
1604 3933 1981 3988 conabantur.
2057 3931 2226 3988 Unde
2249 3933 2525 4005 Philippo
2547 3934 2680 4006 regi
2702 3928 2980 4008 Invitpfion

580 4010 844 4071 Franciae
879 4015 1114 4071 nuntios
1152 4015 1538 4081 destinarunt,
1578 4016 1954 4072 Lodowicum
2007 4015 2195 4072 filium
2249 4034 2424 4072 suum
2464 4018 2680 4088 primo·
2699 3996 2949 4112 {299⁸ss

578 4100 849 4169 genitum
882 4103 1147 4171 petentes
1182 4099 1247 4154 in
1281 4115 1487 4172 regem
1534 4098 1774 4172 Anglioe
1809 4102 2222 4158 coronandum.
2297 4100 2504 4170 Quem,
2543 4119 2679 4158 cum
2699 4077 2911 4182 513ae

576 4200 753 4238 manu
786 4182 984 4240 valida
1029 4183 1360 4240 Londonias
1424 4183 1741 4252 venientes,
1781 4203 2053 4258 proceres
2105 4183 2486 4253 admiserunt,
2528 4191 2588 4241 et
2623 4186 2679 4241 ei

578 4267 853 4340 homagia
887 4273 949 4324 et
982 4267 1296 4324 fidelitates
1333 4267 1741 4325 exhibuerunt.
1821 4269 1940 4325 Sed
1975 4276 2035 4326 et
2073 4287 2178 4326 rex
2215 4269 2435 4326 Scociae
2460 4271 2518 4326 ei
2539 4270 2679 4326 flde-

578 4351 806 4408 litatem
841 4353 999 4409 fecit.
1070 4351 1218 4408 Inde
1254 4359 1449 4410 castre,
1480 4353 1740 4426 plurima
1774 4355 1949 4426 cepit,
1991 4353 2109 4411 alis
2143 4351 2389 4424 obsedit,
2434 4360 2497 4411 et
2547 4373 2680 4413 con-

578 4440 673 4492 tra
716 4455 922 4510 regem
956 4438 1019 4494 in
1053 4442 1285 4494 tantum
1318 4438 1634 4511 praevaluit
1673 4439 1827 4511 quod
1884 4456 1990 4494 rex
2025 4439 2127 4496 vix
2162 4459 2278 4512 quo
2325 4458 2390 4498 se
2422 4446 2682 4498 verteret

649 4718 665 4750 ¹
700 4719 953 4786 Asai-sam]
989 4720 1075 4772 the
1094 4718 1303 4786 reading
1325 4720 1385 4770 of
1410 4719 1496 4772 the
1516 4719 1632 4772 MS.

648 4801 669 4830 ²
700 4798 1043 4865 dissensiones]
1079 4799 1418 4852 dissenciones
1438 4799 1526 4850 the
1548 4805 1780 4852 constent
1800 4799 1932 4852 form
1962 4799 2024 4852 of
2037 4799 2256 4868 spelling
2277 4801 2332 4852 in
2350 4803 2476 4853 both
2497 4802 2651 4856 MSS·

2193 4885 2412 4948 002
