3519 5734
777 800 904 862 114
1433 813 1628 862 Anffl
1672 813 1889 862 Asius
1932 813 2201 868 rmus,

773 988 1002 1055 Romae
1039 988 1240 1074 juxta
1283 988 1649 1075 sepulcrum
1711 988 1999 1074 Eugenii
2042 1010 2232 1074 papae
2279 990 2319 1053 3
2382 993 2481 1052 est
2546 986 2861 1074 sepultus.

441 1091 660 1158 capture
681 1096 742 1146 of
772 1091 870 1156 Eo
920 1096 1213 1178 tempore
1257 1112 1377 1154 rex
1419 1091 1676 1176 Alapiae
1745 1092 1919 1177 cepit
1964 1089 2268 1156 Edissam
2313 1090 2671 1168 civitatem,
2716 1111 2867 1175 quae

435 1158 721 1280 fflffly
771 1193 844 1258 in
892 1193 1132 1260 Genesi
1177 1192 1420 1258 dicitur
1463 1192 1757 1258 Ararach
1788 1191 1833 1274 3¹
1881 1192 2107 1278 ibique
2154 1192 2441 1258 Francos
2470 1196 2697 1278 captos
2746 1196 2868 1256 au't
2889 1197 3018 1252 Gen.
3044 1215 3093 1250 x.
3120 1207 3199 1254 ιο.

436 1308 568 1346 ⁰⁶³⁸·
771 1301 981 1362 morte
1033 1301 1152 1360 aut
1209 1295 1532 1360 servitute
1591 1295 1957 1360 damnavit.
2072 1294 2650 1380 Archiepiscopum
2710 1314 2869 1358 vero

769 1398 1081 1472 civitatis,
1147 1397 1332 1483 quasi
1395 1397 1626 1462 ducem
1693 1397 1931 1483 gregis,
1998 1417 2146 1461 cum
2216 1395 2396 1461 omni
2463 1397 2652 1474 clerc,
2714 1395 2868 1481 quia

773 1499 1113 1588 Christum
1157 1499 1518 1564 noluerunt
1564 1498 1907 1584 abnegare,
1952 1498 2024 1562 in
2068 1497 2286 1562 media
2326 1497 2489 1562 urbe
2534 1519 2749 1562 coram
2798 1518 2869 1562 se

770 1601 1076 1667 decollari
1117 1600 1443 1687 praecepit.
1553 1599 1662 1665 Sic
1704 1600 1917 1687 igitur
1962 1599 2198 1664 Edissa
2262 1599 2513 1679 civitas,
2575 1621 2721 1685 quae
2782 1599 2869 1663 ab

771 1702 1032 1789 Edgaro
1049 1701 1077 1738 ²
1123 1724 1293 1789 rege,
1341 1703 1447 1767 cui
1496 1701 1803 1769 Christus
1838 1707 1996 1768 ante
2042 1722 2231 1766 suam
2274 1701 2659 1788 passionem,
2693 1700 2869 1766 sicut

769 1803 1017 1890 legitur
1058 1805 1133 1868 in
1186 1803 1622 1870 ecclesiastica
1681 1802 2007 1882 historia,⁸
2067 1803 2331 1890 scripsit
2372 1802 2734 1889 epistolam,
2797 1807 2869 1866 et

771 1905 1006 1971 deinde
1063 1927 1180 1992 per
1254 1906 1573 1970 Thomam
1631 1906 2001 1993 apostolum
2081 1903 2299 1970 fuerat
2370 1905 2725 1991 praedicata
2797 1909 2867 1968 et

772 2007 1040 2074 Christo
1109 2007 1424 2086 dedicata,
1468 2013 1631 2074 tuno
1696 2009 1986 2094 primum
2033 2029 2075 2072 a
2115 2007 2431 2094 gentibus
2481 2005 2869 2094 profanatur

768 2114 840 2174 et
896 2111 1286 2197 possidetur,
1333 2132 1656 2176 novorum
1699 2110 2021 2197 sanguine
2066 2115 2435 2195 martyrum
2486 2113 2867 2195 purpurata.

433 2218 660 2284 Appen·
768 2211 867 2277 Eo
907 2217 1202 2298 tempore
1245 2216 1380 2276 tres
1438 2211 1616 2278 lunae
1665 2213 1825 2277 visae
1868 2216 2027 2276 sunt
2069 2211 2143 2276 in
2186 2209 2365 2288 coe10,
2420 2215 2488 2276 et
2530 2210 2607 2274 in
2650 2209 2869 2276 medio

431 2285 640 2402 ’ἄξοσί
766 2314 1118 2400 cujuslibet
1162 2335 1388 2380 earum
1433 2314 1693 2400 signum
1739 2314 1964 2381 crucis.
2056 2313 2124 2378 N
2126 2335 2199 2378 ec
2242 2312 2453 2378 multo
2504 2316 2673 2399 post,
2714 2317 2869 2397 post

429 2432 623 2470 mooun.
765 2415 1132 2480 Adrianum
1183 2419 1224 2479 4
1285 2437 1540 2502 papam,
1603 2414 1983 2480 AJexander
2028 2419 2069 2480 3
2130 2415 2203 2477 in
2262 2434 2499 2500 papam
2560 2412 2865 2478 canonice

429 2497 635 2616 ffigm
636 2567 725 2618 der
765 2522 866 2582 est
909 2518 1164 2583 electus.
1257 2516 1360 2582 De
1405 2516 1590 2602 cujus
1635 2516 2245 2581 confirmationibus
2276 2519 2347 2580 et
2374 2513 2541 2580 actis
2572 2519 2865 2601 tempore

430 2633 528 2684 111.
764 2619 1054 2706 Philippi
1099 2618 1362 2684 abbatis
1406 2619 1674 2684 secundi
1719 2624 1950 2706 postea
1992 2617 2329 2682 referetur.

856 2967 1019 3035 CAP.
1067 2968 1258 3034 XIX.
1307 2969 1409 3034 Dc
1455 2968 1755 3035 Henrico
1800 2966 2210 3039 Ehem-acensi
2253 2964 2770 3053 archiepiscopo

429 3155 566 3207 ΑΛ).
594 3162 616 3207 1
629 3163 722 3209 140
851 3142 1210 3208 Thurstino
1273 3142 1670 3208 Eboracensi
1730 3140 2228 3227 archiepiscopO,
2277 3141 2391 3225 qui
2452 3139 2583 3204 fuit
2627 3138 2860 3203 xxviii.

427 3229 608 3357 {¹¹⁵³
642 3307 656 3322 ,
764 3243 1191 3310 Eboracensis
1251 3245 1537 3311 ecclesiae
1597 3244 2135 3331 archiepiscopuS,
2170 3242 2315 3327 jam
2359 3242 2431 3306 in
2492 3241 2631 3307 fata.
2675 3240 2861 3305 dece-

429 3322 728 3441 ogflffln
763 3348 976 3424 dente,
1007 3348 1314 3413 successit
1342 3347 1554 3413 eidem
1583 3348 1654 3411 in
1687 3346 2308 3432 archiepiscopatum
2338 3344 2546 3431 ipsius
2576 3342 2859 3408 ecclesiae

431 3438 658 3503 Murdae,
763 3449 1192 3515 Eboracensis
1238 3459 1535 3514 Hem-icus
1593 3457 1877 3513 Mordake
1927 3450 2011 3512 29
2073 3446 2592 3533 archiepiscopus
2651 3445 2856 3531 ipsius
2884 3454 3175 3519 T..Stubbs,

429 3506 730 3573 archbishop
880 3551 894 3565 .
1049 3559 1062 3571 .
1227 3560 1238 3571 .
1355 3559 1367 3570 .
1551 3559 1563 3570 .
1615 3559 1627 3571 .
2244 3558 2255 3569 .
2330 3557 2342 3568 .
2883 3522 2979 3573 col.
3007 3527 3125 3573 1721

433 3572 664 3625 onork,
762 3551 948 3629 sedIS,
997 3558 1402 3614 Clsterclenms
1440 3558 1662 3613 ordims
1699 3559 1996 3629 professor
2032 3558 2500 3629 probatissimus,
2540 3546 2745 3611 abbas
2775 3547 2858 3611 de
3136 3560 3148 3573 ”

765 3652 821 3716 F
823 3652 1104 3731 ontibUS,
1143 3660 1236 3715 vir
1295 3676 1525 3731 magnae
1586 3660 1917 3715 sanctitatis
1977 3664 2037 3714 et
2096 3658 2463 3713 abstinentiae
2521 3658 2854 3713 laudabili&
2958 3681 2968 3693 ·

763 3761 1074 3827 Defuncto,
1122 3756 1201 3817 uf,
1246 3750 1448 3816 dicitu
1457 3773 1504 3827 r,
1553 3760 1870 3815 Thurstino
1916 3751 2231 3837 praedicto
2276 3760 2633 3815 Eboraeensi
2668 3760 2859 3815 archi·

765 3854 1054 3926 episcopo,
1118 3852 1567 3923 convocatisque
1643 3851 1718 3907 sd
1796 3853 2138 3908 electionem
2210 3852 2498 3923 pontificis
2570 3852 2861 3908 canonicis

433 3937 664 4018 131190ἙὶοΠ
687 3942 750 3993 Of
763 3937 960 4005 dictae
1005 3946 1268 4003 ecolesiae
1305 3944 1712 4010 Eboraccnsis,
1752 3944 2110 4000 Willielmus
2148 3935 2228 4000 de
2274 3936 2559 4021 Thwayt
2597 3944 2859 4017 ejusdem

427 4004 665 4140 {²3¹3
675 4009 736 4059 de
763 4040 1026 4096 ecclcsiae
1079 4037 1487 4094 thesaurarius
1547 4042 1606 4092 ct
1665 4038 1995 4103 canonicus,
2034 4039 2398 4111 exigentibus
2436 4040 2559 4095 suis
2607 4036 2853 4101 meritis,

743 4140 802 4179 'a
852 4121 1062 4195 majori
1125 4163 1138 4177 .
1219 4162 1231 4176 .
1311 4161 1324 4175 .
1374 4126 1543 4192 parte
1580 4122 1642 4175 in
1678 4122 2188 4194 archiepiscopum
2241 4129 2333 4179 est
2381 4123 2621 4177 electus.
2715 4121 2859 4175 Erat

765 4207 922 4261 enim
959 4203 1353 4262 serenissimi⁴
1403 4204 1632 4259 comitis
1673 4202 1698 4275 [
2133 4203 2199 4276 ]⁵
2236 4206 2517 4261 Herberti
2569 4204 2745 4269 filius,
2787 4222 2859 4259 ex

765 4289 976 4344 Emma
1009 4300 1206 4344 sorore
1241 4286 1403 4357 regis
1437 4286 1768 4357 Anglorum
1806 4287 2085 4359 Stephani
2144 4289 2503 4361 progenitus.
2578 4287 2691 4343 Vir
2732 4287 2861 4358 qui-

833 4489 846 4520 ¹
883 4487 1140 4554 Aras-ach]
1165 4489 1284 4539 read
1306 4478 1494 4542 Amen.
1930 4491 1949 4521 ⁴
1979 4484 2305 4555 serenessimss‘
2382 4488 2745 4541 strenuissimi.
2804 4487 2859 4537 in

832 4570 852 4599 ²
885 4568 956 4619 So
977 4569 1174 4618 written
1195 4568 1276 4618 for
1297 4567 1510 4633 Abqaro.
1866 4568 2065 4619 Stubbs.

833 4649 853 4679 ⁸
887 4646 982 4698 See
1003 4644 1214 4697 Eusebia·
1233 4646 1461 4696 Historia
1482 4644 1759 4697 Ecclesias·
1928 4650 1947 4677 ⁸
1981 4649 2144 4698 Blank
2168 4650 2221 4698 in
2248 4648 2361 4701 MS.

767 4718 881 4792 επὶ-α’,
902 4730 989 4780 lib.
1011 4728 1045 4780 i.
1069 4744 1174 4793 cap.
1205 4733 1279 4779 13.
