3519 5734
749 816 878 880 132
1405 827 1602 876 ADAM
1645 824 1862 876 Asms
1906 825 2184 876 mimus,

743 1003 972 1068 tellum,
1013 1001 1169 1073 quod
1203 1006 1442 1057 vocatur
1475 1001 1713 1056 Novum
1735 1003 2079 1067 Mereatum,
2107 1002 2290 1074 copiis
2326 1002 2595 1058 omnibus
2630 1017 2843 1072 aggre-

745 1089 901 1158 gatis
937 1086 1206 1152 assilivit,
1258 1092 1318 1140 et
1363 1087 1767 1157 potentissime
1802 1103 1967 1158 paene
2008 1085 2467 1158 *inexpugnabile
2512 1086 2671 1157 cepit
2706 1125 2721 1139 .
2766 1125 2779 1138 .
2822 1125 2839 1138 .

744 1176 806 1228 et
852 1171 1169 1226 Eustachio
1221 1169 1343 1224 filio
1392 1170 1553 1240 regis
1617 1169 1941 1242 Stephani,¹
1996 1171 2099 1242 qui
2150 1171 2278 1240 ejus
2331 1187 2591 1225 sororem
2650 1168 2837 1234 duxit,

410 1257 633 1324 soephen
741 1262 1119 1319 retradebat.²
1187 1261 1358 1316 Anno
1395 1268 1672 1333 sequente
1687 1262 1710 1295 ³
1743 1281 1849 1317 rex
1886 1264 2212 1336 Stephanus
2248 1255 2595 1340 praefatum
2630 1265 2843 1320 Eusta-

407 1325 684 1442 ἓξὲξῖῗιξξ,
741 1355 938 1412 chium
975 1354 1162 1408 filium
1188 1371 1360 1408 suum
1395 1355 1556 1424 regis
1581 1353 1909 1410 diademate
1936 1356 2127 1411 voluit
2148 1357 2453 1427 insignire.
2528 1357 2839 1412 Postulans

405 1473 502 1508 ,σῃ
522 1458 652 1507 Em.
743 1457 884 1511 ergo
936 1439 1009 1493 ab
1061 1436 1498 1508 archiepiscopo
1553 1437 1961 1495 cantuariensi
2010 1441 2342 1496 Theobaldo
2376 1446 2439 1497 et
2472 1440 2684 1516 ceteris
2722 1440 2841 1512 epi-

405 1531 534 1576 tace.
742 1523 950 1594 scopis,
1015 1538 1160 1592 quos
1221 1520 1296 1576 ad
1342 1521 1454 1576 hoc
1475 1521 1494 1552 ⁴
1544 1530 2024 1595 congregaverat,
2078 1530 2146 1580 ut
2204 1526 2399 1597 ipsum
2456 1525 2842 1580 Eustachium

404 1601 442 1654 fi
469 1607 550 1654 ¹3·
739 1608 813 1672 in
854 1633 1059 1688 regem
1093 1618 1382 1684 ungerent
1420 1620 1481 1670 et
1514 1615 1915 1673 benedictione
1952 1637 2060 1673 sua
2081 1619 2503 1683 confirmarent,
2544 1617 2841 1689 repulsam

407 1680 534 1798 ἒξ.
543 1696 715 1798 ξῗξὴε
739 1705 1102 1766 sustinebat!
1189 1705 1350 1776 Papa
1385 1706 1676 1777 siquidem
1711 1708 1929 1765 litteris
1983 1711 2107 1765 suis
2159 1710 2595 1782 archiepiscopo
2646 1709 2843 1780 prohi-

407 1813 600 1864 (ψῃ-ὠ
735 1795 944 1848 buerat
977 1808 1052 1846 ne
1103 1789 1293 1843 filium
1339 1791 1502 1861 regis
1555 1791 1618 1846 in
1669 1811 1875 1864 regem
1924 1794 2327 1858 sublimarent,
2374 1794 2652 1850 videlicet
2703 1795 2844 1865 quia

407 1881 574 1931 refuse
595 1886 648 1930 to
739 1895 844 1932 rex
881 1875 1209 1945 Stephanus
1262 1889 1512 1943 regnum
1549 1880 1751 1930 contra
1797 1876 2199 1946 juramentum
2247 1878 2626 1950 praeripuisse
2678 1877 2843 1933 vide-

403 1947 652 2063 ἓξὲξ-
737 1963 930 2018 batur.
973 1955 1258 2013 .1ntima⁶
1294 1957 1481 2026 igitur
1527 1959 1652 2014 ira⁷
1705 1960 1929 2016 decocti
1967 1967 2027 2016 et
2075 1962 2167 2016 ira
2216 1963 2401 2017 nimia
2449 1963 2841 2018 fervescentes

407 2093 579 2143 mony·
741 2052 864 2102 tam
897 2048 1066 2116 pater
1101 2057 1278 2110 quam
1313 2039 1470 2096 filius
1523 2043 1586 2096 in
1633 2043 1805 2098 domo
1856 2044 2107 2116 quadam
2155 2063 2357 2100 omnes
2376 2046 2617 2101 includi
2646 2046 2838 2116 jusse-

739 2132 896 2192 runt,
935 2132 996 2182 et
1029 2124 1405 2179 vehementer
1440 2128 1812 2197 angariantes
1862 2133 1931 2183 ut
1978 2130 2274 2199 postulata
2306 2135 2659 2202 peragerent
2694 2147 2841 2202 prae-

746 2208 1068 2284 ceperunt.⁸
1137 2206 1240 2261 Illi
1275 2207 1463 2276 igitur
1499 2249 1514 2264 .
1554 2249 1569 2264 .
1609 2250 1624 2265 .
1662 2211 1920 2267 viriliter
1941 2213 2308 2277 restiterunt,
2344 2213 2608 2285 pericula
2642 2219 2841 2268 tamen

747 2295 1005 2366 capitum
1039 2306 1282 2347 suorum
1316 2298 1661 2350 metuentes.
1749 2294 2145 2352 Recesserunt
2178 2301 2373 2352 tamen
2408 2314 2607 2352 omnes
2644 2296 2837 2362 illaesi,

745 2375 1211 2451 possessionibus
1272 2375 1509 2444 quidem
1568 2378 1822 2450 spoliati,
1881 2398 2026 2450 quas
2076 2385 2281 2452 postea
2330 2397 2474 2450 rege
2522 2380 2839 2452 poenitente

741 2470 1148 2526 rehabuerunt.
1221 2462 1368 2529 Rex
1416 2483 1701 2548 namque
1762 2461 2135 2549 Stephanus
2192 2485 2533 2549 nunquam
2577 2463 2839 2530 clericos

737 2563 991 2649 liquido
1037 2563 1378 2641 dilexerat,
1423 2566 1789 2651 praesertim
1833 2588 1983 2632 cum
2026 2588 2233 2632 unum
2278 2567 2647 2653 episcopum
2676 2567 2839 2632 rele-

687 2685 692 2688 ·
740 2687 906 2753 gans
950 2667 1114 2732 duos
1159 2668 1321 2732 alios
1367 2667 1698 2754 episcopos
1740 2669 1815 2732 in
1860 2689 2179 2734 carcerem
2222 2668 2620 2734 retrudebat.

745 3002 903 3069 CAP.
955 2970 1211 3069 XXD'L
1264 3005 1578 3087 Qualiter
1607 3005 1752 3072 dux
1782 3005 2132 3073 Hem-icus
2174 3007 2361 3072 venit
2390 3006 2478 3072 in
2498 3006 2843 3092 A‘nyliam

921 3106 1016 3171 ad
1075 3106 1494 3175 obsidionem
1559 3108 1770 3175 castri
1831 3108 1909 3174 cle
1966 3108 2433 3194 Walynyfortk
2498 3130 2857 3175 removeam

921 3207 1088 3275 dam
1109 3233 1138 3289 ;
1185 3216 1248 3275 et
1291 3210 1372 3276 cle
1400 3232 1561 3297 pace
1604 3209 1791 3277 inter
1818 3232 2041 3296 reyem
2083 3217 2144 3277 et
2173 3212 2412 3276 ducem
2446 3211 2835 3297 proelocuta.

409 3410 548 3463 AJ).
577 3418 724 3475 1152,
835 3388 1213 3475 Stephanus
1241 3411 1345 3447 rex
1381 3392 1585 3447 eodem
1622 3409 1791 3456 anno,
1830 3389 2142 3455 videlicet
2182 3412 2356 3455 anno
2386 3390 2574 3477 regni
2602 3391 2706 3454 sui
2732 3390 2837 3471 17,
2864 3390 3175 3441 Hemnunt.

414 3484 559 3530 11⁵3·
744 3494 1000 3545 castrum
1050 3491 1122 3547 de
1175 3493 1524 3563 Newbyrye,
1567 3491 1723 3563 quod
1779 3510 1895 3546 non
1944 3493 2149 3563 procul
2201 3493 2370 3547 abest
2420 3510 2456 3546 a
2504 3491 2838 3563 Wyntonia,
2866 3473 2914 3522 Ρ·
2940 3462 3056 3507 3⁹⁵·

413 3556 636 3673 &2¹:0¹²
743 3573 1013 3668 obsidens
1067 3616 1081 3629 .
1131 3617 1153 3671 .'
1207 3618 1239 3672 .·
1273 3576 1649 3671 expugnavit:
1722 3575 1870 3630 Inde
1932 3576 2245 3631 castellum
2304 3575 2375 3630 de
2426 3576 2843 3671 Walyngforth

743 3656 991 3721 obsedit,
1033 3664 1093 3713 et
1125 3678 1188 3714 m
1223 3677 1349 3731 ipso
1385 3664 1578 3730 pontis
1632 3677 1910 3729 mgressu
1960 3664 2219 3715 castrum
2265 3658 2661 3714 obsessorlum
2708 3678 2840 3714 con-

412 3690 704 3816 &agaza
745 3740 975 3803 struxit,
1006 3758 1120 3811 quo
1147 3742 1392 3798 inclusis
1419 3760 1683 3797 escarum
1706 3742 2033 3797 illationem
2056 3748 2116 3797 et
2142 3742 2399 3797 liberum
2422 3743 2843 3814 progressum⁹

407 3824 634 3939 Ῑζῆῦῖῗιῌθὸ
743 3830 1070 3901 diripiebat.
1143 3835 1306 3889 Tunc
1361 3826 1618 3901 obsessi,
1666 3835 1858 3906 primo
1895 3834 2245 3906 gravissime
2295 3836 2635 3907 compressi,
2674 3854 2710 3889 a
2745 3828 2843 3889 do-

411 3906 666 4006 soramg‘
743 3932 900 3985 mino
939 3922 1226 3993 Henrico
1281 3936 1428 3991 duce
1477 3936 1854 3991 Normanniae
1907 3936 2204 4007 petierunt
2256 3937 2353 3990 vel
2426 3936 2630 3991 auxilii
2684 3936 2842 3990 exhi—

411 4034 596 4099 Hem-y
745 4034 1026 4089 bitionem
1083 4028 1180 4084 vel
1231 4028 1538 4083 castellum
1592 4028 1654 4081 in
1707 4044 1915 4081 manus
1980 4028 2143 4098 regis
2197 4028 2479 4083 reddendi
2529 4027 2841 4082 licentiam.

412 4102 721 4233 gssinggdy,
744 4128 912 4182 Anno
958 4136 1112 4201 ergo
1179 4116 1490 4197 sequente
1514 4109 1566 4147 ¹⁰
1612 4112 1829 4176 dictus
1884 4111 2211 4176 Henricus
2271 4120 2389 4175 dux
2446 4118 2838 4181 Nox-manniae,

815 4378 830 4409 ¹
871 4376 1140 4443 Stephani]
1179 4373 1409 4439 Anglioe,
1433 4373 1502 4421 H.
1905 4372 1926 4400 ⁸
1960 4370 2172 4437 Intima]
2211 4371 2417 4431 Intimo,
2438 4368 2551 4420 MS.

809 4460 830 4488 ²
863 4454 1165 4520 retrudebat]
1205 4452 1437 4509 reddidit,
1461 4452 1530 4501 H.
1908 4450 1927 4478 ⁷
1962 4450 2068 4515 ira]
2108 4451 2297 4507 dolore,
2321 4450 2389 4500 H.
2625 4449 2632 4456 ⁴

811 4537 832 4567 ⁸
863 4533 1111 4599 sequente]
1138 4529 1332 4581 decimo
1353 4529 1579 4594 septimo,
1597 4528 1665 4578 H.
1908 4528 1928 4557 ⁸
1953 4528 2317 4593 prere-eperunt]
2356 4526 2738 4590 compellabant,
2776 4522 2845 4573 H.

813 4614 832 4645 ⁴
865 4612 978 4678 hoc]
1016 4610 1220 4671 ibidem,
1241 4609 1310 4658 H.
1908 4608 1927 4637 ⁹
1945 4606 2277 4671 proqressum]
2305 4604 2722 4669 progressionem,
2745 4602 2811 4653 H.

815 4694 836 4723 ⁸
864 4687 1162 4755 sustinebat]
1199 4702 1376 4753 passus
1399 4694 1488 4747 est,
1513 4686 1579 4738 Η.
1921 4686 1958 4716 ¹⁰
1988 4686 2235 4752 sequente]
2276 4684 2473 4735 decimo
2493 4690 2688 4745 octavo,
2712 4682 2781 4731 H.
