3519 5734
735 817 823 878 80
1404 827 1600 878 ADAM
1647 826 1862 878 ABBAS
1906 829 2177 878 PRIMUS.

734 999 1146 1085 separatione
1190 998 1331 1084 ejus
1375 1020 1418 1063 a
1461 999 1775 1065 dominiis
1818 999 1968 1064 aliis
2002 999 2471 1085 adjacentibu3‚
2519 1000 2693 1066 sieut
2734 1000 2836 1064 in-

733 1102 1232 1186 praesentiarum
1297 1099 1607 1182 noscitur,
1677 1101 2057 1169 disseratur.
2147 1101 2323 1167 Nam
2384 1100 2683 1167 vaccaria
2754 1101 2836 1166 de

735 1201 930 1268 Felsa
970 1203 1256 1289 parcella
1283 1202 1484 1290 hujus
1527 1203 1807 1269 dominii
1853 1203 1937 1268 de
1982 1203 2192 1270 Melea
2236 1207 2427 1270 extat
2470 1202 2837 1268 manifesta.

735 1303 868 1370 Sed
935 1309 1162 1373 utrum
1204 1305 1351 1392 ipsa
1395 1305 1591 1372 Felsa
1633 1310 2011 1372 constructa
2052 1302 2315 1372 fuerat¹
2364 1304 2475 1371 vel
2536 1310 2841 1393 separata

731 1411 1084 1493 antequam
1159 1408 1631 1474 monasterium
1718 1412 2022 1474 nostrum
2096 1407 2379 1496 sumpsit
2394 1407 2422 1446 2
2496 1407 2839 1474 exordium

733 1509 840 1574 vel
867 1531 1019 1587 non,
1045 1531 1163 1576 seu
1192 1509 1379 1596 cujus
1424 1515 1735 1598 tempore,
1768 1507 2025 1578 fateor³
2069 1532 2175 1576 me
2204 1510 2477 1575 omnino
2499 1508 2527 1546 ⁴
2570 1510 2837 1574 nescire.

399 1611 644 1692 Nova-se-
733 1610 953 1698 Ipsius
1028 1618 1252 1678 autem
1328 1612 1553 1679 Melsae
1639 1612 1879 1678 divisio
1944 1611 2261 1678 moderna
2309 1607 2339 1646 ⁶
2382 1611 2474 1677 sie
2539 1611 2839 1678 habetur.

399 1685 608 1744 pau-ano.
734 1713 954 1780 Primo
998 1714 1083 1780 ab
1130 1714 1406 1781 australi
1449 1715 1693 1802 angulo
1753 1715 1838 1780 de
1902 1713 2309 1802 Crystynges
2331 1713 2359 1752 ⁶
2404 1735 2633 1780 versus
2676 1714 2840 1780 occi-

734 1817 1000 1883 dentem
1073 1839 1190 1904 per
1263 1819 1324 1884 le
1399 1817 1769 1904 Parkdyk,⁷
1845 1839 1993 1904 quae
2069 1817 2315 1884 dividit
2376 1821 2683 1904 pasturas
2756 1817 2839 1882 de

737 1919 930 1986 Felsa
973 1926 1042 1986 et
1086 1921 1438 1986 mariscum
1483 1921 1567 1986 de
1597 1921 1803 2000 Wele,
1836 1921 2163 1986 deducens
2190 1942 2419 1986 versus
2464 1920 2839 2006 aquilonem

737 2023 754 2052 ⁸
777 2021 853 2086 in
894 2027 1083 2108 parte
1128 2021 1554 2100 occidentali,'
1581 2021 1606 2059 ⁸
1649 2044 1859 2109 usque
1921 2022 2011 2088 ad
2075 2023 2455 2110 Meynpytt,
2499 2043 2649 2106 quae
2721 2043 2839 2108 pro

737 2128 928 2212 parte
990 2125 1236 2190 dividit
1298 2124 1590 2204 Melam,
1658 2125 1919 2192 Felsam
1994 2131 2065 2191 et
2152 2125 2415 2191 Rudam
2433 2150 2450 2206 ;
2470 2123 2497 2162 ⁰
2578 2130 2647 2190 et
2720 2146 2839 2211 per

733 2227 988 2292 dietum
1018 2227 1395 2314 Meynpytt‚
1427 2226 1763 2292 tendendo
1796 2247 2024 2292 versus
2072 2229 2410 2304 orientem,
2438 2248 2647 2312 usque
2676 2228 2763 2292 ad
2787 2223 2837 2262 ¹⁰

735 2329 916 2394 viam
946 2351 1095 2416 quae
1141 2329 1325 2395 ducit
1355 2350 1580 2394 versus
1612 2330 1877 2395 Rudam
1907 2353 1923 2408 ;
1983 2332 2053 2395 et
2098 2329 2180 2394 de
2223 2329 2379 2394 hine
2420 2329 2767 2415 paululum
2788 2326 2833 2366 ¹¹

730 2452 961 2498 versus
1035 2431 1408 2518 aquilonem
1469 2454 1674 2518 usque
1747 2433 1835 2497 ad
1910 2431 2347 2520 Foxbrygge3
2413 2436 2481 2497 et
2556 2432 2648 2498 sio
2720 2452 2837 2518 per

733 2533 1060 2600 borealem
1105 2534 1308 2600 finem
1361 2534 1442 2599 de
1489 2533 1808 2600 Bennerls
1876 2538 1945 2600 et
2008 2533 2175 2598 fines
2220 2532 2565 2598 sellionum
2608 2554 2839 2598 versus

731 2635 1204 2723 Whytkerram
1229 2635 1281 2674 ¹2
1309 2637 1392 2702 de
1416 2636 1626 2714 Ruda,
1652 2636 1767 2701 ubi
1789 2634 2116 2700 foramina
2146 2636 2450 2721 quaedam
2478 2635 2553 2702 in
2582 2641 2759 2700 terra
2786 2633 2835 2672 ¹³

731 2739 1018 2804 rotunda
1046 2736 1134 2803 ad
1164 2737 1457 2825 spatium
1501 2737 1713 2804 trium
1756 2737 2003 2824 pedum
2042 2737 2423 2802 latitudinis
2447 2735 2501 2774 ¹⁴
2530 2736 2835 2824 perfossa,

734 2841 921 2927 quasi
966 2862 1083 2929 per
1129 2841 1384 2927 jactum
1452 2841 1693 2927 lapidis
1736 2841 1917 2907 inter
1960 2862 2030 2907 se
2074 2839 2413 2921 distantia,
2455 2840 2532 2906 in
2576 2840 2835 2927 signum

730 2944 1162 3030 separationis
1205 2943 1383 3011 inter
1428 2943 1705 3009 Melsam
1750 2949 1823 3009 et
1869 2943 2131 3008 Rudam
2174 2942 2250 3007 in
2301 2942 2424 3009 hac
2467 2948 2674 3030 parte,
2708 2943 2837 3008 dis-

731 3047 1151 3133 tinguuntur.
1247 3045 1434 3110 Infra
1499 3068 1650 3132 quae
1691 3044 2038 3124 foramina,
2084 3066 2313 3111 versus
2358 3046 2579 3133 capita
2620 3045 2833 3111 sellio-

731 3171 913 3227 num,
957 3148 1280 3215 fossatum
1322 3148 1397 3214 in
1440 3148 1579 3213 solo
1647 3153 1872 3215 nostro
1932 3146 2198 3234 proprio
2267 3148 2348 3213 de
2412 3148 2623 3213 Melea
2684 3170 2833 3215 oon-

731 3252 968 3334 ficitur,
1036 3256 1116 3317 ut
1178 3252 1339 3339 ipsae
1407 3251 1700 3337 antiquae
1769 3249 2002 3316 divisae
2068 3270 2187 3317 seu
2254 3249 2583 3316 foramina
2643 3256 2836 3317 extra

733 3354 982 3421 dietum
1027 3352 1348 3419 fossatum
1392 3373 1512 3439 per
1539 3352 1750 3418 trium
1780 3352 2023 3439 pedum
2070 3352 2360 3438 spatium
2404 3357 2790 3418 remaneant
2816 3376 2849 3449 ς.

729 3463 825 3534 ut,
873 3456 931 3521 si
998 3457 1261 3543 quando
1325 3456 1399 3520 in
1442 3455 1740 3521 futurum
1808 3454 2062 3521 dictum
2127 3455 2447 3520 fossatum
2529 3455 2835 3521 mundari

732 3557 970 3623 debeat
1013 3579 1128 3623 seu
1173 3557 1456 3635 dilatari,
1501 3558 1574 3622 in
1641 3557 1779 3623 solo
1844 3560 2073 3622 nostro
2140 3556 2405 3644 proprio
2471 3578 2589 3642 pro
2658 3556 2835 3622 dicto

730 3660 976 3726 fossato
1039 3660 1377 3726 dila-tando
1441 3655 1932 3747 perfodamus.¹⁵
2060 3658 2153 3724 Et
2225 3660 2320 3725 sio
2390 3680 2509 3745 per
2584 3658 2833 3725 dietum

731 3762 1052 3829 fossatum
1080 3784 1195 3828 seu
1222 3760 1619 3841 foramina,¹⁰
1647 3784 1783 3827 non
1812 3765 2040 3827 tamen
2066 3760 2113 3799 ¹⁷
2156 3783 2349 3848 aequa
2392 3761 2587 3842 linea,
2630 3782 2834 3847 usque

1326 3901 1338 3905 -
1368 3902 1491 3905 --
1526 3900 1669 3906 -———
1765 3900 1989 3907 ——.---v-.
2047 3900 2074 3904 —
2107 3900 2136 3904 --
2261 3898 2686 3905 -------.—-...-.-—-

813 3960 824 3989 ¹
863 3958 1202 4023 Aftersuerat
1221 3958 1378 4009 insert
1398 3966 1642 4018 exn-ueta,
1665 3958 1723 4007 P.
1902 3958 1940 3987 ¹⁰
1972 3956 2126 4009 After
2146 3956 2216 4007 ad
2233 3957 2391 4007 insert
2412 3956 2637 4014 alteram,
2662 3956 2725 4008 P.

809 4040 831 4069 ²
862 4038 1093 4104 sumpsit]
1132 4038 1440 4103 sumpsisset,
1461 4036 1521 4088 P.
1902 4036 1936 4067 ¹¹
1965 4033 2249 4101 paululum]
2301 4035 2547 4099 pallulam
2602 4036 2657 4085 in
2712 4034 2835 4085 both

815 4118 835 4147 ⁸
850 4117 1052 4183 fateor]
1089 4118 1266 4179 feteor,
1289 4116 1404 4168 MS.
1787 4127 1791 4186 μ
1835 4114 2007 4175 MSS„
2027 4113 2083 4163 in
2104 4114 2203 4164 this
2222 4116 2325 4164 and
2347 4114 2492 4165 other
2512 4115 2777 4165 instanoes.

811 4198 830 4226 ⁴
861 4212 933 4247 me
952 4196 1166 4262 omuino]
1203 4195 1411 4247 omnino
1429 4210 1529 4255 me,
1549 4195 1608 4245 P.
1786 4217 1791 4231 ·
1903 4195 1940 4224 ¹²
1984 4190 2347 4258 Whytkmam]
2385 4191 2751 4253 Whitkerram,
2772 4193 2831 4245 P.

811 4278 833 4305 ⁵
865 4275 1117 4341 moderna]
1155 4275 1380 4340 wanting
1401 4274 1456 4323 in
1476 4273 1536 4324 P.
1784 4232 1792 4341 1
1901 4272 1937 4304 ¹³
1970 4271 2024 4320 in
2048 4272 2209 4338 terra]
2246 4270 2475 4335 wanting
2498 4269 2551 4321 in
2576 4270 2634 4323 P.

623 4411 628 4415 .
809 4356 830 4384 ⁶
873 4354 1192 4421 Gyftynyes]
1251 4369 1316 4405 an
1372 4351 1740 4404 interlineation
1786 4354 1791 4413 ἰ
1902 4352 1942 4381 ¹¹
1976 4348 2281 4415 latitudinis]
2316 4349 2543 4415 wanting
2564 4350 2619 4401 in
2640 4351 2701 4401 P.

743 4435 800 4486 in
821 4436 880 4487 P.
1786 4419 1793 4486 ξ
1902 4431 1943 4461 ¹⁵
1974 4430 2129 4494 Infra
2142 4446 2249 4493 quae
2257 4430 2521 4494 foramina
2544 4467 2555 4480 .
2591 4467 2605 4482 .
2640 4468 2654 4481 .
2690 4468 2703 4481 .
2720 4446 2836 4495 per·

809 4518 828 4545 ‘¹
862 4514 1122 4580 Parledyk]
1159 4512 1448 4579 Perkedyk,
1469 4512 1529 4563 P.
1820 4508 2086 4575 sociamus]
2126 4508 2353 4574 wanting
2374 4509 2429 4559 in
2454 4510 2513 4561 P.

815 4596 836 4625 ⁸
867 4595 920 4643 in
946 4631 958 4644 .
985 4632 999 4645 .
1022 4592 1333 4660 occidentali]
1371 4592 1599 4655 wanting
1610 4590 1665 4639 in
1683 4589 1743 4639 P.
1906 4590 1947 4619 ¹⁰
1968 4604 2064 4653 per
2088 4626 2103 4645 ,
2128 4625 2139 4637 .
2153 4587 2441 4655 foramina]
2465 4588 2693 4653 wanting
2708 4590 2761 4637 in
2774 4590 2833 4643 Ρ.

811 4677 833 4706 ⁹
865 4674 1017 4725 Aster
1054 4672 1251 4723 Rudam
1300 4673 1456 4723 insert
1501 4670 1554 4719 in
1605 4676 1746 4733 parte
1904 4670 1942 4700 ¹¹
1964 4684 2055 4717 non
2080 4668 2262 4733 tamen]
2300 4675 2468 4719 tamen
2492 4669 2579 4719 sed
2602 4683 2722 4726 non,
2742 4668 2801 4720 P.

742 4754 1054 4814 occidentali,
1078 4752 1138 4803 P.
