3519 5734
452 999 698 1050 Previous

450 1066 602 1116 death
625 1067 687 1118 of

455 1131 698 1195 william,

457 1213 548 1247 son
571 1199 634 1248 of

455 1264 636 1330 Henry
657 1266 700 1316 Ι.

455 1612 578 1662 And
599 1615 719 1664 oath

456 1679 516 1728 of
531 1679 706 1745 allegi-

452 1760 578 1796 ance
597 1750 660 1796 of

451 1813 666 1878 nobility

451 1884 506 1927 to
527 1878 614 1929 the

454 1959 674 2008 empress

454 2009 682 2062 Matilda.

787 816 822 877 1
835 817 917 880 18
1451 831 1650 881 snm
1693 833 1909 883 mss
1952 835 2223 887 ramus.

787 1004 991 1089 regni,
1033 1004 1226 1091 regni
1254 1004 1558 1070 diadema
1585 1005 1957 1072 invadebat.
2002 1031 2009 1038 ·
2048 1007 2229 1073 Ant'e
2259 1007 2399 1074 haec
2428 1008 2695 1093 quidem
2725 1014 2891 1073 tem·
2916 1025 2978 1075 R.
3002 1026 3227 1092 Higden,

788 1127 964 1191 pora,
995 1106 1250 1171 dictum
1285 1105 1650 1171 Henricum
1697 1127 1919 1192 regem
1950 1129 1991 1173 a
2020 1107 2089 1172 N
2092 1109 2437 1174 ormannia
2470 1110 2544 1173 in
2574 1109 2889 1196 Angliam
2915 1095 3009 1144 ⁰⁰¹·
3036 1100 3180 1146 ²³⁸¹·

789 1208 1170 1272 redeuntem
1217 1206 1612 1273 Willielmus
1641 1207 1821 1273 filius
1867 1231 2027 1274 suus
2057 1210 2290 1275 unicus
2320 1209 2659 1297 legitimus
2704 1211 2890 1297 sequi

786 1309 1088 1396 gestiens
1136 1311 1294 1375 navi
1340 1332 1470 1396 qua
1512 1311 1884 1376 vehebatur
1928 1312 2015 1376 ad
2059 1335 2291 1398 rupem
2335 1313 2527 1391 illisa,
2574 1337 2724 1379 cum
2771 1315 2889 1380 Ri-

787 1413 980 1478 cardo
1011 1406 1214 1478 fratre
1241 1435 1362 1479 suo
1391 1413 1598 1479 notho
1631 1420 1702 1480 et
1731 1435 1955 1480 sorore
1984 1436 2105 1480 sua
2134 1415 2467 1481 comitissa
2495 1417 2577 1484 de
2608 1417 2888 1500 Perceio‚

786 1515 1026 1580 comite
1095 1514 1370 1582 Gestriae
1435 1521 1507 1588 et
1566 1516 1715 1581 aliis
1780 1516 2113 1582 nobilibus
2156 1518 2272 1604 qui
2332 1519 2406 1582 in
2468 1541 2547 1584 ea
2606 1520 2888 1604 fuerant,

787 1623 1027 1702 praeter
1056 1617 1408 1705 pauperem
1454 1639 1679 1696 unum,
1713 1619 2014 1704 perierat.
2109 1620 2207 1684 At
2238 1623 2403 1686 tunc
2446 1643 2583 1703 rex,
2615 1625 2886 1691 orbatus

785 1719 1022 1785 herede
1089 1743 1286 1785 sexus
1351 1719 1581 1799 virilis,
1647 1720 1801 1786 fecit
1865 1742 2093 1786 omnes
2151 1722 2355 1808 legios
2432 1746 2599 1804 suOS,
2663 1726 2887 1794 David

788 1821 1096 1888 videlicet
1138 1844 1359 1909 regem
1407 1821 1644 1888 Scotiae
1690 1829 1759 1888 et
1805 1822 1987 1902 aliae,
2040 1822 2309 1890 Matildi
2360 1826 2504 1912 jam
2550 1828 2707 1894 filiae
2752 1853 2887 1898 suae

789 1923 1015 2002 unicoe,
1066 1923 1356 1990 Henrico
1416 1924 1711 2009 ejusdem
1755 1924 2044 1992 nominis
2087 1928 2104 1955 “
2127 1927 2362 2010 quinto
2387 1929 2403 1960 '
2449 1931 2628 2016 apud
2674 1931 2888 2000 Theu-

787 2025 1040 2089 tonicos
1083 2025 1465 2113 imperatori
1511 2027 1811 2113 perprius
1858 2028 2287 2114 desponsatae,
2321 2030 2665 2098 fidelitatis
2702 2035 2888 2120 jura-

453 2124 564 2202 'ljhe
586 2127 738 2191 adop·
787 2131 1084 2191 mentum.
1113 2127 1434 2195 exhibere.
1529 2129 1779 2196 Tamen
1824 2129 1910 2194 ob
1956 2129 2249 2196 favorem
2287 2133 2493 2220 ipsius
2538 2137 2881 2225 Stephani,

449 2193 672 2321 tslffiffign
787 2228 1059 2314 quidam
1121 2239 1303 2310 Hugo
1351 2239 1576 2312 Bygott
1621 2241 1983 2297 senescallus
2048 2234 2311 2320 praefati
2376 2250 2539 2319 regis
2608 2239 2883 2312 Henrici
2910 2241 2978 2320 R:
2996 2244 3059 2292 de

449 2324 520 2388 by
543 2323 720 2391 Hem'y
785 2378 800 2394 .
869 2382 881 2397 .
939 2383 950 2396 .
999 2382 1012 2394 .
1062 2383 1075 2395 .
1124 2357 1319 2394 coram
1368 2339 1690 2396 Willielmo
1743 2341 2153 2400 Cantuariensi
2202 2347 2641 2422 archiepiscopo
2695 2371 2883 2411 sacra-
2909 2308 3143 2426 ἒζῗρὲῧζς,

447 2389 698 2524 ἰῗῖἓξέὴ
781 2437 976 2488 mento
1011 2430 1351 2496 affirmabat,
1395 2432 1553 2503 quod
1590 2432 1732 2488 dum
1773 2453 1877 2490 rex
1912 2437 2209 2494 Henricus
2266 2442 2642 2514 praescriptus
2680 2455 2885 2516 ageret

448 2522 633 2587 Bygot.
781 2525 844 2578 in
879 2523 1173 2587 extremis,
1216 2524 1360 2578 ortis
1387 2524 1739 2594 quibusdam
1763 2527 2089 2584 inimicitiis
2126 2530 2280 2586 inter
2315 2531 2511 2602 ipsum
2548 2543 2609 2590 et
2653 2529 2882 2614 praefa-

779 2609 920 2667 tam
953 2603 1296 2667 Matildem
1335 2612 1771 2682 imperatricem
1809 2605 2016 2670 filiam
2048 2630 2250 2688 suam,
2276 2621 2467 2692 ipsam
2508 2625 2885 2684 exheredavit

783 2720 844 2768 et
878 2704 1130 2769 dictum
1187 2712 1549 2784 Stephanum
1609 2713 1955 2771 Blesensem
2014 2721 2288 2776 comitem
2348 2724 2627 2781 heredem
2688 2740 2880 2784 suum

449 2799 674 2864 Stephen
782 2813 1145 2870 instituebat.
1276 2804 1479 2891 Cujus
1539 2806 1763 2872 verbis
1825 2808 2043 2875 dictus
2107 2811 2505 2882 Willielmus
2565 2821 2884 2909 archiepi—

444 2869 757 2997 ζξονῖῗῃθξίω,
783 2926 1014 2991 scopus
1075 2905 1273 2971 nimis
1336 2908 1654 2987 credulus»,
1702 2912 1818 2996 qui
1864 2917 1931 2976 et
1976 2912 2115 3001 ipse
2158 2918 2342 3001 prius
2412 2920 2609 2988 dictae
2679 2925 2881 3011 impe-

444 2999 748 3115 ἻΟΥῙΙΜΞῙΙΟΡ
779 3007 1004 3072 ratrici
1078 3008 1159 3072 de
1222 3007 1586 3075 hereditate
1653 3020 1802 3097 post
1861 3020 2139 3079 mortem
2202 3020 2411 3104 patris
2471 3026 2573 3087 sui
2632 3046 2886 3093 conser-

439 3079 475 3113 ⁰
567 3080 624 3185 (ἶ
663 3104 674 3117 ”
779 3110 1000 3173 vanda
1087 3116 1568 3176 sacramentum
1658 3117 2079 3200 praestiterat,
2170 3120 2389 3207 ipsum
2468 3124 2879 3213 Stephanum

782 3210 1157 3290 Londonii8‚
1232 3213 1298 3277 in
1380 3213 1486 3277 die
1554 3214 1785 3281 Sancti
1859 3216 2201 3307 Stephani,
2278 3225 2542 3292 favente
2620 3230 2877 3317 Rogero

779 3311 1248 3379 Sarisburiensi
1292 3315 1605 3403 episcop0‚
1637 3310 2007 3385 honorifice*
2038 3344 2276 3389 corona
2303 3328 2485 3415 regia
2514 3330 2877 3419 insignivit.

781 3422 1146 3495 Quapropter
1191 3425 1349 3481 idem
1397 3426 1751 3485 willielmus
1790 3423 2309 3515 archiepiscopus
2368 3457 2585 3495 annum
2640 3443 2880 3499 minime
2906 3448 2968 3498 R.
2990 3448 3211 3513 Higden.

781 3516 1122 3586 supervixit.
1201 3516 1319 3573 Sed
1372 3525 1431 3574 et
1484 3538 1683 3577 omnes
1733 3526 1934 3597 mag-ni
1994 3529 2097 3598 qui
2140 3529 2542 3600 juramentum
2590 3533 2882 3607 Stephano
2906 3516 3000 3565 ⁰⁰¹·
3027 3520 3173 3566 2384.

781 3598 1036 3655 fecerant
1069 3601 1353 3656 miserum
1389 3603 1579 3659 sortiti
1616 3612 1752 3663 sunt
1788 3608 1979 3664 finem.
2041 3612 2255 3668 Fertur
2292 3616 2485 3680 etiam,
2514 3619 2669 3689 quod
2691 3620 2882 3676 hostia

447 3672 700 3724 Promissess
781 3680 1003 3738 Chri-ti
1039 3683 1134 3739 die
1171 3687 1557 3743 coronationis
1595 3708 1717 3744 suae
1770 3700 2041 3762 porrecta
2088 3697 2282 3753 subito
2318 3699 2627 3770 disparuit.
2706 3704 2879 3759 0010-

441 3738 513 3854 gg
523 3738 743 3855 ffiphen
779 3772 950 3822 natus
1011 3768 1196 3838 igitur
1254 3787 1359 3825 rex
1411 3770 1741 3843 Stephanus
1789 3776 2017 3847 juravit
2074 3797 2271 3836 coram
2328 3786 2667 3853 proceribus
2728 3788 2883 3859 apud

443 3874 756 3925 eomnation,
781 3856 1081 3923 Oxoniam,
1118 3861 1274 3932 quod
1308 3862 1652 3933 praelaturas
1705 3876 1979 3925 vacantes
2031 3872 2095 3925 in
2145 3890 2325 3930 manu
2373 3894 2481 3932 sua
2518 3876 2666 3956 post
2724 3872 2885 3938 elec-

781 3950 1026 4015 tionem
1065 3978 1180 4015 non
1229 3966 1470 4028 teneret,
1513 3966 1670 4035 quod
1721 3967 2149 4041 Danegeldum,
2190 3975 2255 4030 id
2304 3982 2412 4043 est,
2465 3980 2499 4034 2
2538 3982 2754 4039 solidos
2807 3984 2883 4039 ad

779 4050 998 4117 hidam,
1036 4053 1380 4120 remitteret,
1425 4062 1488 4110 et
1521 4059 1813 4115 neminem
1864 4062 1939 4119 de
1976 4066 2229 4137 propriis
2267 4068 2433 4126 silvis
2470 4073 2876 4145 implacitaret,

780 4136 950 4199 sicut
1007 4140 1443 4204 antecessores
1503 4142 1604 4205 sui
1661 4143 1871 4211 facere
1928 4160 2424 4221 consueverunt.
2524 4164 2664 4235 Quae
2721 4168 2880 4239 prin-
2902 4168 3037 4219 Heu.
3054 4170 3213 4221 Hunt.

781 4235 1041 4309 cipaliter
1075 4244 1138 4293 et
1171 4237 1288 4295 alia
1323 4241 1502 4307 vovit,
1544 4242 1649 4298 sed
1683 4244 1834 4302 nihil
1871 4266 2073 4306 eorum
2108 4256 2317 4313 tenuit.
2901 4252 2948 4301 P·
2972 4239 3087 4288 387.
