3519 5734
359 2660 424 2694 ov

307 2727 354 2775 p.
381 2713 491 2764 790.

1239 820 1520 874 'morus
1559 817 1781 872 Asms
1822 821 2357 874 ’111611116-
2607 805 2735 880 279

641 995 904 1064 Deinde
977 995 1155 1062 infra
1227 993 1428 1062 breve
1501 993 1809 1084 praedicti
1883 994 2013 1061 duo
2079 1016 2266 1085 reges
2330 995 2595 1085 Angliae
2667 1005 2737 1066 et
2760 1003 3072 1072 A-D·119⁷‚

645 1099 941 1167 Franciae
985 1100 1162 1166 diem
1206 1098 1293 1166 ad
1343 1098 1769 1166 tractandum
1821 1097 1903 1163 de
1945 1118 2103 1185 pace
2161 1077 2917 1203 assig·na1·unt,eet,1198

652 1203 990 1270 mediante
1053 1203 1252 1270 Petro
1314 1201 1628 1290 Capuano
1675 1200 2049 1290 apostolicae
2112 1203 2285 1270 sedis
2350 1150 2977 1291 163610,111-11316666θ

645 1305 855 1374 duciae
897 1307 983 1372 ad
1027 1328 1276 1372 annum
1319 1310 1480 1373 sunt
1537 1327 1873 1374 concessae.
1985 1305 2171 1372 Tunc
2228 1327 2381 1396 rege
2433 1307 2733 1389 Ricard0‚
2760 1301 2912 1352 '²9⁰²‘

639 1431 760 1496 pro
802 1409 1052 1478 virium
1108 1409 1604 1498 recuperatione
1664 1413 1734 1476 et
1793 1431 1994 1499 opum
2038 1410 2353 1491 utilitate,
2400 1412 2489 1478 ad
2533 1411 2736 1478 Turo-

637 1534 803 1578 num
871 1535 1018 1580 cum
1089 1513 1386 1582 exercitu
1457 1513 1779 1580 redeunte
1850 1511 2229 1600 ibidemque
2292 1535 2409 1602 per
2483 1536 2736 1582 annum

639 1621 1099 1698 commorante,
1145 1617 1400 1684 fiebant
1449 1616 1725 1682 tandem
1792 1615 1877 1684 ab
1936 1617 2235 1682 exercitu
2276 1621 2735 1684 torneamenta
2758 1615 2839 1666 To
2807 1631 2987 1670 oma-

637 1719 756 1786 diu
799 1719 1174 1786 intermissa
1231 1720 1424 1807 quasi
1484 1717 1809 1786 bellorum
1866 1718 2203 1808 praeludia,
2248 1741 2384 1786 non
2425 1721 2735 1788 obstante
2756 1691 2938 1738 ments

635 1822 858 1909 papali
900 1823 1364 1940 prohibitione.
1451 1821 1797 1888 «Iohannes
1856 1843 2114 1908 quoque
2156 1821 2363 1890 frater
2402 1824 2575 1912 16316
2622 1825 2735 1890 Β1-
2757 1814 2946 1868 Princo

637 1925 835 2006 cardi,
878 1925 996 2012 qui
1027 1924 1174 2013 jam
1215 1925 1358 2012 1631
1389 1923 1795 1990 Francorum
1824 1929 2055 1990 contra
2095 1925 2433 2014 proprium
2460 1927 2734 1994 fratrem
2757 1882 2999 2002 &hqd-‹¹³1-
3014 1957 3069 2004 to

635 2027 1024 2110 adhaeserat,
1097 2027 1341 2116 quique
1405 2027 1550 2112 jam
1621 2027 1793 2096 nihil
1874 2027 2115 2094 habuit
2194 2028 2421 2115 nilque
2493 2031 2737 2118 potuit,
2765 2017 2831 2067 R
2817 2018 3007 2072 mhani.

635 2135 893 2217 spretus
938 2135 1038 2197 est
1082 2154 1125 2198 a
1165 2153 1319 2220 rege
1365 2129 1785 2198 Francorum.
1874 2130 2213 2198 Mediante
2254 2136 2485 2197 tamen
2526 2139 2738 2200 matre

637 2255 758 2299 sua
801 2233 1117 2302 Alienora
1159 2235 1245 2300 ad
1289 2257 1510 2323 regem
1568 2233 1929 2301 Ricardum
1979 2234 2259 2322 supplex
2279 2233 2300 2274 ¹
2348 2233 2535 2314 adiit,
2578 2236 2737 2301 fide-

635 2337 790 2402 liter
833 2338 897 2404 ei
941 2337 1022 2404 de
1067 2342 1304 2406 caetero
1334 2338 1761 2404 militaturus.
1856 2336 2181 2404 Referunt
2210 2341 2432 2403 autem
2465 2338 2734 2424 quidam

635 2440 810 2528 ipsas
849 2440 1148 2507 inducias
1176 2462 1294 2527 per
1323 2440 1853 2528 quinquennium
1884 2439 2235 2506 duraturas
2263 2444 2491 2528 captas
2516 2440 2734 2524 fuisse,

637 2549 718 2612 ut
760 2566 882 2610 rex
923 2550 1202 2631 uterque
1262 2543 1588 2611 bellorum
1647 2542 1995 2630 dispendio
2038 2542 2415 2610 intermisso
2459 2544 2546 2610 ad
2588 2567 2737 2632 pro-

636 2647 851 2734 priam
895 2647 1178 2734 patriam
1221 2651 1561 2714 remearet.
1675 2645 1820 2714 Nec
1880 2646 2095 2712 multo
2153 2651 2303 2733 post
2361 2669 2484 2714 rex
2526 2638 3081 2714 Fran-E1-eetionof

637 2767 860 2816 corum
904 2771 1115 2815 unum
1157 2771 1406 2817 novum
1451 2753 1742 2816 castrum
1803 2769 2007 2838 prope
2051 2750 2383 2836 quandam
2426 2750 2736 2818 forestam
2760 2707 2867 2839 1)ξο
2852 2715 3042 2840 ffi,

639 2875 826 2919 suam
871 2854 1311 2933 construebat,
1356 2875 1472 2941 per
1537 2853 1720 2940 quod
1786 2857 1933 2921 tota
1992 2851 2255 2921 forestae
2314 2853 2737 2944 circumregio
2762 2848 2999 2961 ξξιξῑωᾞ
3018 2850 3072 2894 ²⁰

640 2955 1049 3026 vastabatur.
1142 2956 1335 3040 Quod
1381 2957 1809 3045 perpendens,
1861 2955 2183 3022 Ricardus
2226 2980 2348 3025 rex
2390 2959 2741 3027 mandavit
2761 2976 3027 3029 1116111166.

637 3060 781 3147 1631
855 3059 1153 3127 Franciae
1223 3061 1443 3147 ipsum
1517 3066 1805 3127 castrum
1879 3058 2369 3142 destruendum,
2445 3061 2741 3149 alioquin

639 3163 813 3250 ipsas
855 3164 1034 3251 pacis
1076 3162 1374 3229 inducias
1434 3168 1729 3229 nosceret
1787 3162 2207 3250 interruptas.
2318 3162 2523 3249 Cujus
2567 3186 2737 3231 nun-

638 3266 809 3332 tium
855 3266 1130 3333 audiens
1173 3288 1294 3332 rex
1339 3266 1637 3333 Franciae
1681 3265 1898 3355 ipsum
1943 3271 2234 3332 castrum
2276 3266 2579 3333 funditus
2624 3268 2735 3333 de-

636 3370 951 3437 struebat.
1043 3371 1191 3436 Rex
1248 3391 1509 3459 quoque
1569 3369 1911 3452 Riccrdus,
1956 3370 2078 3437 hac
2134 3391 2294 3458 pace
2336 3369 2586 3449 habita,
2628 3371 2738 3439 vel

639 3494 866 3561 11666111
911 3474 986 3538 111
1028 3474 1231 3539 finem
1291 3472 1683 3539 duraturam
1741 3472 2087 3541 affectavit
2128 3473 2238 3539 vel
2297 3477 2519 3561 spreta
2577 3495 2738 3561 pace

637 3576 853 3664 priore
897 3598 1203 3663 guerram
1262 3576 1607 3664 proposuit
1668 3576 1929 3645 iterare.
2020 3575 2225 3643 Unde
2268 3577 2350 3643 de
2393 3598 2567 3645 novo
2609 3577 2738 3664 ipsi
2762 3572 2951 3642 'rreaty
2974 3576 3035 3626 01'

641 3680 774 3747 duo
818 3699 1007 3768 reges
1050 3679 1173 3747 sub
1231 3679 1355 3745 1166
1421 3678 1630 3745 forma
1693 3678 1941 3745 iterum
2006 3679 2512 3760 concordabant,
2560 3680 2739 3765 quod
2758 3658 2924 3708 m

640 3783 780 3871 ipse
839 3804 961 3847 rex
1027 3780 1323 3847 Franciae
1383 3784 1603 3847 totam
1667 3786 1915 3849 terram
1975 3781 2117 3870 regi
2192 3782 2476 3849 Ricardo
2548 3783 2737 3849 resti-

643 3885 880 3951 tuebat
930 3906 1128 3971 quam
1195 3906 1312 3970 per
1369 3904 1758 3972 guerrarum
1818 3884 2161 3973 dispendia
2204 3906 2323 3951 seu
2367 3885 2497 3952 alio
2540 3885 2737 3951 modo

645 3990 773 4077 ipsi
837 3988 1119 4055 Ricardo
1183 3986 1432 4074 injuste
1497 3987 1857 4068 auferebat,
1924 3990 2199 4075 excepto
2271 3986 2409 4054 solo
2472 3986 2739 4053 castello

647 4092 939 4172 Gisortii,
970 4090 1150 4179 quod
1193 4112 1315 4156 rex
1359 4089 1662 4158 Franciae
1705 4090 1836 4155 sibi
1876 4091 2221 4178 proposuit
2262 4089 2563 4156 retinere.
2651 4089 2737 4155 In

641 4198 826 4285 cujus
870 4192 1554 4284 recompensationem,
1598 4214 1717 4259 rex
1762 4191 2168 4259 Francorum
2211 4191 2394 4259 dedit
2436 4191 2577 4279 regi
2620 4191 2737 4257 Ri-

649 4302 841 4368 cardo
887 4300 1313 4368 donationem
1375 4296 1658 4365 ecelesiae
1699 4295 2121 4377 Turonensis,
2166 4295 2266 4362 ita
2310 4295 2486 4382 quod
2530 4295 2739 4363 Lodo-

649 4404 854 4470 wicus
897 4403 1074 4469 filius
1118 4400 1324 4491 ipsius
1382 4398 1554 4488 regis
1600 4398 1897 4467 Franciae
1962 4396 2169 4465 filiam
2226 4398 2401 4487 regis
2448 4396 2741 4477 Castelli,

1371 4728 1384 4758 ¹
1412 4723 1644 4793 supplex]
1671 4724 1870 4792 suplex,
1891 4722 2005 4777 MS.
