3519 5734
1172 859 1598 916 mmnnn
1639 856 1863 916 Anius
1907 859 2239 938 nummus,
2626 849 2757 915 303

656 1063 776 1107 nec
841 1062 884 1106 a
942 1060 1096 1129 rege
1156 1042 1267 1107 vel
1333 1061 1670 1129 quoquam
1735 1039 1867 1106 alio
1942 1038 2279 1127 unquam¹
2350 1039 2751 1126 impetraret.
2779 1041 3072 1092 A·D·11⁹'7

657 1143 860 1210 Unde
903 1143 1044 1231 ipse
1089 1143 1409 1210 Osbertus
1468 1143 2035 1210 confirmationem
2082 1141 2166 1208 de
2211 1142 2517 1209 omnibus
2559 1140 2755 1207 terris
2777 1114 2959 1160 '¹²¹⁰'

656 1267 820 1333 quas
885 1246 968 1312 de
1035 1243 1227 1312 feodo
1293 1267 1414 1313 suo
1480 1245 1904 1326 habebamus,
1953 1251 2023 1312 et
2080 1245 2479 1340 nominatim
2538 1248 2755 1310 totam

655 1356 902 1416 terram
977 1349 1159 1415 illam
1235 1349 1318 1417 de
1393 1349 1857 1436 Orwythfieet‚
1920 1371 2040 1436 pro
2114 1348 2449 1436 praedictis
2522 1347 2756 1415 xxviii.

655 1453 883 1519 solidis
949 1453 1190 1519 annuis
1255 1452 1388 1518 sibi
1453 1449 1855 1530 reddendis,²
1916 1450 2217 1533 faciebat,
2281 1456 2350 1517 et
2414 1452 2759 1518 confirma-

655 1557 906 1622 tionem
969 1554 1270 1643 capitalis
1340 1554 1596 1622 domini
1658 1559 1728 1622 et
1794 1553 2086 1621 omnium
2148 1553 2429 1620 flatrum
2495 1575 2759 1621 suorum

655 1680 776 1726 nos
818 1660 977 1726 fecit
1021 1659 1274 1724 habere.
1368 1660 1464 1724 At
1506 1658 1664 1746 ipse,
1710 1658 1893 1746 apud
1953 1679 2074 1724 nos
2135 1656 2350 1724 factus
2414 1655 2761 1734 novicius?

655 1762 729 1827 in
773 1761 1117 1828 noviciatu
1136 1763 1160 1800 ⁴
1208 1781 1441 1848 corpus
1471 1765 1668 1828 terrae
1687 1761 1713 1798 ⁵
1758 1760 2301 1827 commendavit.¹¹
2387 1759 2491 1826 De
2520 1760 2761 1847 quibus

655 1871 834 1930 terra
856 1864 883 1902 ⁷
929 1871 998 1930 et
1040 1864 1310 1930 redditu
1328 1862 1355 1901 ⁸
1419 1864 1831 1951 temporibus
1879 1863 2232 1930 Willielmi
2276 1861 2537 1930 abbatis
2604 1866 2643 1928 9
2691 1867 2761 1929 et

657 1967 827 2035 Adae
871 1967 1134 2034 abbatis
1183 1970 1270 2034 14
1312 1971 1544 2056 postea
1589 1967 1925 2034 referetur.

703 2269 822 2338 VI.
868 2271 969 2340 De
1011 2271 1212 2339 terris
1255 2271 1620 2360 acquisitis
1664 2272 1752 2338 im,
1798 2271 2105 2358 Rystona
2124 2299 2149 2351 ‚-
2196 2279 2257 2340 ct
2301 2272 2382 2340 dc
2425 2293 2688 2358 mamm

1241 2375 1504 2462 fossata
1549 2374 1738 2442 dicta.
1754 2373 1782 2412 ⁰
1839 2374 2174 2461 Wythobyk.

749 2533 846 2601 Eo
908 2539 1205 2622 tempore
1250 2533 1587 2602 Walterus
1651 2537 1732 2601 de
1774 2497 2259 2624 'Falconberga
2306 2534 2613 2602 dominus
2676 2535 2758 2600 de
2782 2549 3025 2616 Bystona.

661 2637 857 2724 Rysa,
891 2638 1078 2703 dedit
1120 2638 1310 2703 nobis
1355 2659 1505 2703 cum
1535 2659 1803 2726 corpore
1845 2659 1966 2703 suo
2010 2637 2353 2704 dimidiam
2383 2641 2755 2705 carucatam
2784 2632 2947 2684 Grant
2959 2634 3090 2684 from

659 2745 871 2820 terrae,
937 2763 1086 2807 cum
1150 2741 1321 2808 tofto
1387 2747 1457 2806 et
1531 2741 1791 2807 duobus
1867 2742 2090 2808 solidis
2152 2742 2392 2808 annuis
2466 2742 2548 2808 de
2622 2765 2758 2808 una
2777 2699 3095 2833 ξ’ῒιοῐζῗέἓ

663 2843 940 2911 dimidia
1011 2843 1259 2911 bovata
1333 2849 1527 2911 terrae
1600 2845 1674 2909 in
1750 2842 2128 2931 Bystonaw
2196 2850 2266 2913 et
2326 2845 2752 2913 medietatem
2780 2833 2840 2884 ⁰f
2854 2835 3008 2899 Rysa.

661 2969 978 3034 equarum
1053 2969 1322 3013 suarum
1398 2969 1562 3034 quas
1635 2947 1881 3013 habuit
1952 2949 2026 3013 in
2104 2948 2467 3017 Gravenna.
2590 2949 2756 3031 Quae
2782 2960 2893 3011 The
2916 2962 3036 3011 land

659 3050 926 3137 quidem
972 3050 1250 3116 dimidia
1295 3054 1602 3117 carucata
1625 3047 1672 3087 ¹¹
1721 3050 1939 3118 fuerat
1983 3051 2263 3119 'Roberti
2306 3052 2631 3141 capellani
2674 3052 2755 3117 de
2779 3028 3090 3161 {fgsstiggffi

657 3152 1064 3239 Kayngham
1090 3178 1108 3233 ;
1139 3151 1324 3240 cujus
1351 3153 1530 3219 filius
1574 3152 1953 3241 Stephanus
1996 3156 2310 3237 sacerdos,
2344 3155 2624 3244 pecunia
2652 3156 2757 3221 in-

658 3255 906 3343 digens,
941 3255 1294 3343 Radulpho
1339 3255 1693 3323 senescallo
1739 3256 1907 3323 dicti
1938 3258 2218 3325 Walteri
2262 3259 2349 3325 ad
2393 3258 2755 3326 terminum

657 3359 743 3423 30
789 3380 1130 3441 annorum,
1177 3358 1464 3446 acceptis
1511 3362 1597 3425 40
1643 3360 1881 3425 marcis
1941 3383 2080 3448 prae
2122 3362 2455 3453 manibus,
2503 3360 2751 3449 [illam]

653 3459 1045 3544 invadiavit,
1093 3463 1110 3491 ⁸
1136 3461 1237 3527 ita
1281 3460 1457 3547 quod
1503 3462 1600 3540 si,'
1617 3459 1668 3499 ¹²
1714 3468 1866 3549 post
1910 3464 2195 3551 triginta
2258 3469 2483 3532 autem
2548 3485 2759 3531 annos

654 3560 1086 3648 completos‚¹³
1132 3562 1510 3651 Stephanus
1556 3563 1913 3650 praedictus
1956 3566 2065 3631 vel
2108 3566 2379 3635 heredes
2424 3568 2529 3634 sui
2592 3590 2757 3656 prae-

653 3662 794 3729 fato
858 3664 1210 3750 Radulpho
1278 3665 1388 3731 vel
1454 3665 1812 3733 heredibus
1880 3667 2019 3733 suis
2062 3670 2150 3734 40
2195 3692 2447 3736 marcas
2512 3675 2757 3758 praeter

656 3766 743 3831 30
803 3764 1044 3832 solidos
1067 3762 1120 3803 ¹⁴
1177 3766 1612 3849 redderent‚¹⁵
1684 3769 2073 3856 praedictam
2148 3770 2495 3839 dimidiam
2570 3796 2758 3845 caru<

722 4001 737 4032 ¹
773 4003 1012 4073 unquam]
1099 4004 1358 4071 nunquam
1424 4004 1481 4057 in
1537 4006 1662 4059 both
1820 4010 1840 4039 ⁸
1872 4008 2025 4062 Astel-
2057 4010 2249 4063 redditu
2280 4012 2439 4066 insert
2469 4014 2655 4067 xxviii.
2678 4032 2757 4068 so·

654 4082 810 4138 MSS.
1713 4080 1722 4085 ⁸
1749 4088 1985 4153 lidorum,
2007 4091 2068 4142 P.

718 4165 741 4195 ²
771 4162 870 4215 sibi
889 4162 1170 4231 reddendis]
1199 4163 1364 4229 nobis,
1384 4162 1447 4217 P.
1819 4171 1839 4198 ⁰
1870 4170 2023 4221 Afler
2044 4170 2178 4222 dicta
2197 4170 2357 4224 insert
2378 4174 2457 4237 de,
2478 4171 2539 4226 P.

719 4246 740 4275 ⁸
771 4244 924 4295 Aster
946 4244 1166 4295 novicius
1187 4244 1348 4296 insert
1369 4252 1434 4309 et,
1456 4244 1519 4296 P.
1822 4248 1861 4278 ¹⁰
1892 4248 2143 4317 Rystona]
2177 4254 2413 4314 Restona,
2427 4252 2490 4305 P.

719 4324 740 4353 ⁴
771 4323 924 4376 Afier
945 4326 1194 4376 noviciam
1216 4325 1376 4377 insert
1397 4324 1660 4387 decedens,
1822 4326 1857 4359 ¹¹
1891 4328 2048 4380 Aster-
2066 4340 2305 4383 carucata
2327 4333 2485 4385 insert
2505 4339 2667 4397 ωτι-ω,
2690 4336 2752 4387 Ρ.

653 4400 714 4453 Ρ.
1822 4406 1859 4437 ¹²
1892 4408 1967 4457 ita
1987 4408 2117 4473 quod
2131 4411 2205 4477 si]
2233 4412 2461 4479 wanting
2480 4413 2537 4464 in
2558 4414 2619 4467 P.

720 4481 742 4511 ⁸
773 4482 927 4535 After
961 4491 1102 4535 mm
1132 4482 1294 4537 insert
1331 4490 1382 4537 et
1419 4482 1661 4537 saeculum
1820 4486 1857 4516 ¹⁸
1888 4486 2043 4539 Aster
2062 4488 2311 4556 completos
2331 4491 2491 4545 insert
2512 4494 2571 4557 si,
2592 4494 2653 4547 P.

655 4559 759 4611 suis
780 4562 1006 4627 posteris,
1027 4563 1090 4616 P.
1818 4566 1857 4597 ¹⁴
1880 4576 2065 4632 prater
2115 4576 2183 4621 30
2219 4569 2419 4638 solidos]
2471 4578 2537 4623 30
2576 4572 2753 4625 solidis

720 4642 741 4669 ⁰
771 4642 1138 4711 commendavit]
1177 4644 1576 4707 commendabat,
1597 4643 1658 4695 1².
1750 4644 1938 4709 minus,
1960 4646 2023 4699 P.

649 4719 924 4864 fleLt'Algter
969 4728 1104 4774 terra
1137 4722 1297 4777 insert
1339 4725 1404 4776 de
1437 4722 1661 4778 Orwith-
1685 4748 1690 4755 ·
1819 4724 1857 4756 ¹⁵
1888 4724 2165 4796 redderent]
2190 4726 2521 4796 reddiderint,
2539 4730 2603 4787 P.
