3519 5734
792 874 923 938 420
1338 884 1688 935 memus
1730 882 1948 935 3311113
1995 884 2353 937 smnus.

792 1151 870 1217 V.
938 1149 1040 1217 De
1105 1146 1307 1217 tenvis
1349 1154 1411 1216 et
1465 1147 1861 1217 tcmmntis
1909 1148 1999 1215 i‘n
2022 1147 2043 1187 ¹
2097 1147 2420 1229 Uoldom,
2462 1148 2898 1218 How-mabur-

1442 1257 1609 1319 tona
1650 1257 1713 1318 et
1770 1250 2236 1338 Westheytfeld.
2289 1302 2300 1314 .

457 1424 597 1477 Aa).
625 1429 747 1476 1221
884 1412 1074 1479 Idem
1098 1412 1123 1451 ²
1184 1418 1408 1480 autem
1493 1410 1819 1478 Ricardus
1893 1412 2098 1479 abbas
2179 1412 2502 1480 concessit
2567 1412 2656 1479 ad
2717 1411 2896 1480 feodi

458 1497 641 1544 '¹²³⁵‘
792 1516 1053 1583 firmam
1099 1514 1368 1583 Matheo
1414 1514 1761 1583 Cokerello
1805 1514 1982 1602 ipsas
2025 1519 2318 1603 quatuor
2359 1516 2638 1581 bovatas
2679 1518 2897 1594 terrae,

458 1585 705 1639 Coldona.
792 1642 941 1687 cum
985 1618 1201 1686 tribus
1268 1616 1475 1698 tostis,
1524 1622 1595 1685 et
1656 1622 2000 1705 pasturam
2049 1622 2090 1682 8
2135 1618 2350 1684 bobus
2393 1620 2410 1649 ⁸
2437 1618 2512 1683 in
2557 1616 2898 1697 Coldona‚'

791 1745 956 1811 quas
976 1719 1005 1758 ⁸
1070 1720 1428 1787 habuimus
1488 1742 1575 1785 ex
1629 1721 1804 1786 dono
1821 1717 1848 1756 ⁴
1911 1720 2121 1809 patris
2190 1721 2339 1800 sui3
2403 1724 2484 1786 ut
2527 1720 2669 1807 ipse
2691 1720 2716 1758 ⁸
2776 1742 2900 1807 pro

789 1824 983 1891 dictis
1028 1822 1223 1889 terris
1289 1822 1634 1887 dimidiam
1696 1845 1989 1889 marcam
2034 1822 2225 1889 nobis
2287 1822 2602 1890 redderet
2643 1845 2902 1889 annua-

789 1904 931 1994 tim]
1047 1926 1180 2006 Qui
1241 1947 1395 2012 ergo
1442 1924 1753 1991 Matheus
1821 1922 2017 1991 nobis
2084 1924 2215 1991 fide
2269 1924 2491 1992 media
2541 1926 2852 2013 promisit
2872 1926 2898 1966 ⁶

789 2038 859 2098 et
901 2030 1249 2096 voluntate
1310 2032 1675 2116 spontanea
1731 2028 1992 2113 juravit
2058 2028 2237 2114 quod
2298 2027 2554 2094 nemini
2603 2028 2898 2115 aliquam

714 2158 723 2167 ·
789 2140 1049 2224 partem
1092 2131 1301 2219 ipsius
1351 2136 1549 2197 terrae
1572 2128 1597 2166 ⁷
1666 2129 1874 2211 daret,
1939 2130 2260 2197 venderet
2327 2152 2444 2197 seu
2496 2131 2898 2212 invadiaret,

788 2240 928 2304 sine
971 2256 1292 2302 consensu
1334 2238 1564 2298 nostro
1610 2236 1678 2299 et
1723 2233 2074 2299 voluntate
2103 2258 2120 2314 ;
2168 2238 2252 2313 et,
2299 2234 2362 2299 si
2407 2254 2591 2299 secus
2631 2232 2894 2315 faceret,

788 2344 1014 2408 liceret
1058 2336 1249 2405 nobis
1310 2336 1522 2425 ipsam
1584 2341 1834 2402 terram
1880 2336 1962 2401 de
2005 2358 2074 2401 se
2130 2338 2197 2401 et
2253 2334 2340 2401 ab
2395 2334 2510 2401 illo
2559 2338 2666 2401 cui
2708 2338 2896 2405 illam

788 2444 1123 2519 venderet,
1184 2440 1329 2505 sine
1390 2438 1619 2525 aliqua
1678 2438 1956 2523 alicujus
2001 2436 2539 2520 contradictione,
2593 2440 2682 2505 ad
2747 2463 2898 2529 pro-

452 2562 581 2613 Loss
602 2567 666 2616 of
788 2548 966 2635 prios
1009 2566 1169 2609 usus
1212 2563 1533 2609 revocare.
1612 2538 2126 2607 Verumtamen⁸
2167 2540 2522 2627 praedictus
2569 2540 2898 2622 Matheus,

402 2688 412 2697 -
454 2630 666 2753 ffifflzn.
620 2649 676 2683 ¹¹²
789 2654 1023 2716 contra
1064 2645 1413 2735 praefatam
1460 2642 1934 2731 obligationem
1998 2665 2205 2724 suam,
2233 2641 2566 2709 vendidit
2616 2644 2897 2713 diversis

789 2750 1085 2841 personis
1106 2746 1491 2835 ‘’parcellas
1536 2744 1830 2833 ipsarum
1869 2744 2267 2811 110113111111.10
2341 2746 2468 2811 Per
2496 2768 2695 2833 quam
2738 2750 2900 2815 alie-

787 2855 1127 2922 nationem
1190 2851 1335 2937 ipsa
1399 2848 1591 2914 firma
1658 2870 1885 2914 annua
1951 2846 2249 2914 dimidiae
2322 2872 2560 2916 marcae
2623 2852 2898 2922 omnino

788 2957 1086 3046 deperiit.
1201 2953 1293 3018 Et
1338 2949 1425 3016 ad
1477 2973 1764 3038 quorum
1809 2972 2050 3016 manus
2106 2951 2375 3038 reliquae
2431 2951 2584 3019 duae
2625 2953 2894 3024 bovatae

787 3067 1000 3139 terrae,
1048 3080 1198 3124 cum
1242 3055 1413 3121 tosto
1458 3059 1527 3120 et
1570 3054 1852 3133 cultura,
1899 3075 2049 3118 cum
2093 3060 2288 3142 prato
2333 3055 2698 3140 adjacente,
2744 3081 2895 3145 quae

786 3164 1041 3230 ibidem
1116 3159 1486 3238 habuimuS,
1494 3154 1541 3194 ¹¹
1625 3155 2048 3236 devenerant,
2138 3155 2410 3244 penitus
2497 3158 2892 3245 ignoramus,

452 3273 681 3328 Home·
786 3267 1249 3350 Walter-usque
1296 3261 1377 3326 de
1442 3261 1739 3348 Spyneto
1765 3257 1819 3296 ¹⁹
1884 3259 2072 3325 dedit
2136 3258 2330 3326 nobis
2395 3257 2779 3350 homagium
2821 3270 2893 3330 et

449 3343 678 3396 burtona.
786 3369 1136 3437 servitium
1204 3365 1469 3430 Girardi
1512 3363 1638 3427 filii
1686 3363 1874 3428 Petri
1940 3363 2022 3427 de
2087 3362 2420 3450 Owstyby
2465 3365 2546 3430 de
2595 3365 2894 3434 Hornse-

784 3474 1076 3539 burtona
1122 3474 1191 3534 et
1231 3457 1551 3532 heredum
1598 3487 1886 3544 suorum,
1953 3465 2036 3530 de
2080 3465 2341 3532 duabus
2383 3465 2648 3534 bovatis
2693 3473 2889 3536 terrae

784 3579 853 3640 et
898 3595 1031 3638 uno
1077 3571 1294 3636 clauso
1360 3590 1510 3632 cum
1573 3566 1991 3654 pertinentiis
2058 3567 2132 3632 in
2194 3567 2766 3650 Hornseburtona,
2819 3579 2890 3637 et

782 3697 1083 3744 annuum
1149 3671 1485 3738 redditum
1553 3670 1837 3734 duorum
1902 3671 2262 3736 solidorum
2317 3671 2399 3738 de
2456 3673 2654 3740 dictis
2707 3680 2890 3740 tene-

789 3772 1107 3845 mentis.¹⁸
1199 3773 1332 3856 Qui
1384 3772 1653 3860 quidem
1718 3771 2041 3839 Girardus
2105 3773 2334 3839 eadem
2378 3775 2543 3840 duas
2609 3773 2890 3844 bovatas

847 4001 986 4053 ¹De
1009 3999 1153 4051 terris
1188 4003 1237 4048 et
1271 4004 1479 4046 tes-emen
1482 3997 1601 4046 tien
1592 3996 1603 4008 '
1603 3993 1663 4060 n]
1702 3993 1786 4044 De
1953 3995 1973 4023 '¹
2004 3993 2158 4044 Aster
2201 4003 2343 4046 term
2396 3995 2572 4062 insert,
2617 4013 2768 4063 quam
2821 4002 2887 4052 dc

778 4084 972 4148 acquin
928 4081 1112 4132 sitione
1158 4083 1421 4136 terrarum,
1476 4081 1527 4124 te
1528 4079 1787 4125 nemento-
1882 4074 2028 4124 nobis
2051 4075 2267 4134 tenebat,
2291 4075 2353 4125 P.

776 4179 891 4216 rum
912 4167 965 4214 et
994 4157 1283 4210 reddituum
1310 4155 1367 4206 in
1388 4153 1784 4258 Wythornwyk,
1952 4152 1973 4181 ⁸
2019 4151 2376 4222 Veruntamen]
2469 4154 2884 4220 verumptamen,

775 4240 1077 4384 Bewsstmli
1098 4315 1231 4381 Ipse,
1252 4313 1315 4366 P.
1881 4233 2243 4380 bosshpgfozih]
2270 4313 2500 4379 wanting
2521 4316 2576 4366 in
2597 4315 2660 4368 Ρ.

841 4405 1095 4451 ......
1130 4394 1285 4461 quas]
1332 4393 1561 4459 exceptis
1585 4397 1615 4443 8
1647 4393 1782 4444 30113
1949 4395 1989 4426 ¹⁰
2025 4387 2291 4459 terraram]
2353 4397 2386 4444 4
2429 4395 2726 4448 hommum
2763 4403 2816 4448 et
2849 4403 2882 4448 3

772 4493 1081 4545 1211·qu
1120 4475 1295 4528 omnia
1328 4474 1556 4537 exceptis
1588 4471 1711 4538 ipsis
1746 4479 1777 4523 8
1877 4473 2133 4534 tostorum,
2155 4472 2218 4523 P.

774 4560 922 4624 ‘aci-is,
943 4557 1005 4610 P.
1947 4555 1980 4584 ¹¹
2016 4551 2296 4619 habuimus]
2333 4552 2682 4618 habueramus,
2703 4555 2765 4608 P.

836 4644 857 4675 ⁴
890 4641 1045 4693 Afier
1066 4637 1189 4688 dono
1210 4635 1370 4686 insert
1389 4631 1616 4696 Roberti,
1638 4632 1699 4684 P.
1947 4635 1986 4664 ¹²
2023 4631 2266 4698 Spynew]
2307 4631 2531 4698 spineto,
2553 4633 2617 4687 P.

836 4725 858 4753 ⁸
892 4721 1045 4772 Astel-
1066 4719 1171 4785 ipse
1191 4715 1351 4765 insert
1372 4711 1629 4767 MatheuS.
1646 4711 1705 4762 P.
1946 4713 1984 4743 ¹³
1998 4710 2151 4762 Alter
2168 4715 2440 4764 tenementis
2459 4713 2620 4767 insert
2640 4723 2881 4784 perpetuo

836 4804 857 4834 ⁸
887 4795 1137 4867 promisit]
1175 4793 1511 4860 promittebat,
1533 4791 1595 4842 P.
1875 4792 2328 4858 percipiendorum,
2351 4792 2412 4844 P.
