3519 5734
1067 889 1490 943 ALEXANDER
1531 887 1748 943 ABBAs
1794 889 2129 952 QUARTUS,
2520 875 2649 942 323

547 1091 697 1137 eam
763 1067 1152 1137 haberemus
1217 1069 1292 1134 in
1359 1069 1658 1159 proprios
1723 1087 1880 1134 usus
1942 1065 2473 1155 imperpetuum3
2548 1064 2649 1132 ita.
2670 1073 2965 1129 A.D.1197

549 1174 724 1260 quod
745 1173 765 1213 ¹
813 1175 1034 1240 nullus
1093 1177 1414 1239 uxoratus
1475 1177 1595 1238 aut
1652 1172 2003 1238 mulierum
2068 1167 2519 1249 cohabitatio?
2562 1169 2648 1235 ad
2672 1148 2853 1194 ‘¹²¹⁰‘

548 1299 740 1343 suum
805 1277 1083 1344 dedecus
1153 1281 1274 1342 aut
1346 1297 1726 1363 gravamen,
1790 1295 1935 1340 eam
2001 1272 2422 1339 inhabitaret.
2516 1271 2648 1338 Sed

549 1381 836 1467 qualiter
894 1381 1038 1469 ipsa
1102 1381 1356 1446 mansio
1414 1379 1545 1445 fuit
1605 1378 1895 1444 alienata.
1965 1377 2232 1464 penitus
2287 1376 2647 1462 ignoratur.

548 1483 639 1548 Et
682 1484 952 1550 interim
995 1483 1268 1571 quidam
1298 1483 1345 1548 J
1348 1483 1639 1548 ohannes
1671 1479 1939 1546 Samuel
1980 1479 2167 1546 dedit
2210 1479 2403 1544 nobis
2444 1499 2648 1564 quan-

547 1588 700 1652 dam
767 1593 1014 1652 terram
1089 1587 1162 1651 in
1223 1587 1386 1651 villa
1453 1585 1684 1652 Sancti
1727 1581 2115 1670 ‘Botulphi,³
2179 1584 2263 1647 50
2326 1581 2523 1669 pedes
2574 1584 2648 1648 in
2673 1585 2727 1637 S·
2746 1584 2929 1664 ‚Botul-

547 1690 964 1778 longitudine
1009 1695 1078 1758 et
1121 1693 1208 1756 40
1253 1689 1452 1777 pedes
1496 1690 1569 1754 in
1611 1687 1973 1755 latitudine
2015 1683 2515 1754 continentem.4
2672 1654 2777 1719 ΡΜ·

552 1999 734 2068 XIV.
779 1997 879 2066 De
923 1999 1269 2066 veaeati‘om
1291 2004 1550 2080 ‚nostra
1584 2015 1720 2086 pro
1766 1995 2050 2064 decimis
2078 1996 2161 2063 dc
2202 1993 2603 2065 Whawmna
2622 2021 2649 2075 ‚-

819 2109 879 2169 ot
923 2102 1003 2169 de
1045 2100 1645 2190 compositionibus
1687 2101 1899 2168 initis
1932 2121 2067 2189 pro
2111 2100 2379 2168 eisdem.

638 2231 958 2324 Tempore
1014 2235 1212 2301 istius
1264 2233 1524 2301 abbatis
1567 2233 1940 2299 Alexandri
2000 2231 2473 2320 pertransierat
2516 2197 2649 2296 ter-
2672 2235 2996 2292 Whmoma.

549 2337 770 2406 minus
841 2339 1335 2426 compositionis
1411 2359 1613 2424 quam
1689 2337 1945 2403 dudum
2018 2336 2225 2401 abbas
2302 2335 2650 2424 Philippus
2675 2316 2975 2434 tslffitessffias

549 2442 789 2508 fecerat
833 2463 984 2509 cum
1027 2441 1242 2529 priore
1289 2445 1358 2507 et
1402 2441 1733 2507 canonicis
1779 2439 1863 2505 de
1909 2438 2153 2504 Sancto
2200 2437 2510 2505 Oswaldo
2570 2438 2653 2503 de
2680 2451 2741 2500 of
2765 2451 2938 2501 Nostel

551 2545 620 2612 N
623 2545 869 2626 estella,
939 2568 1134 2633 super
1208 2544 1476 2611 decimis
1535 2545 1554 2574 “
1575 2542 1827 2609 totius'
1898 2542 2182 2610 ecclesiae
2257 2541 2340 2608 de
2414 2541 2653 2607 whar-
2679 2517 2968 2636 {iz-ilpgeting

550 2671 750 2726 roma,
781 2671 930 2735 quae
973 2647 1268 2736 pertinet
1312 2647 1398 2712 ad
1442 2645 1869 2735 praebendam
1914 2646 1997 2710 de
2044 2645 2419 2723 Bramham,
2447 2667 2655 2710 unam

551 2751 632 2818 de
701 2749 1076 2840 praebendis
1122 2750 1644 2817 Eboracensibus
1714 2750 1803 2814 ad
1819 2748 1847 2784 ⁵
1908 2749 2256 2816 canonicos
2318 2749 2657 2837 pertinen—

551 2860 704 2923 tem.
795 2853 864 2920 N
867 2878 976 2921 am
1035 2853 1174 2943 ipse
1219 2854 1425 2920 abbas
1473 2853 1821 2942 Philippus
1867 2853 2191 2920 conduxit
2213 2853 2240 2893 ⁶
2287 2855 2369 2921 de
2416 2853 2611 2920 dictis
2630 2851 2657 2890 ⁷

549 2958 876 3025 canonicis
927 2959 1141 3045 ipsam
1209 2954 1598 3035 ecclesiam‚⁸
1639 2979 1791 3022 cum
1859 2956 2166 3022 omnibus
2237 2957 2509 3023 decimis
2554 2958 2655 3043 ip-

551 3060 688 3129 sius
753 3067 821 3130 et
888 3061 1341 3150 proventibus,
1387 3062 1474 3127 ad
1541 3060 1905 3126 terminum
1950 3062 2035 3125 20
2084 3082 2456 3140 annorum3
2514 3061 2660 3126 red-

552 3164 770 3232 dendo
845 3164 1009 3253 ipsis
1087 3167 1171 3228 10
1246 3186 1495 3231 marcas
1573 3160 1943 3229 annuatim.
2035 3160 2127 3229 Et
2195 3163 2469 3229 interim
2538 3185 2659 3229 nos

553 3268 764 3356 quieti
808 3289 850 3332 a
894 3266 1332 3355 qualicunque
1391 3255 1767 3333 vexatione
1808 3266 2209 3333 decimarum
2255 3265 2337 3332 de
2381 3268 2663 3355 grangia.

491 3402 500 3411 ·
553 3378 623 3439 et
666 3373 1067 3440 tenementis
1121 3372 1364 3439 nostris
1425 3370 1678 3439 ibidem
1737 3372 2178 3439 manebamus.
2272 3372 2485 3460 Super
2528 3394 2661 3459 qua

553 3476 1024 3569 compositione
1098 3476 1404 3563 requisiti
1478 3474 1752 3542 fuerunt
1825 3475 1955 3564 ipsi
1976 3474 2003 3512 ⁹
2048 3474 2363 3556 canonici,
2425 3481 2655 3542 utrum

552 3580 765 3667 ipsam
830 3578 1110 3645 ulterius
1177 3578 1431 3645 vellent
1500 3578 1864 3645 observare.
1975 3578 2071 3643 At
2136 3578 2281 3667 ipsi,
2348 3577 2657 3644 videntes

555 3682 736 3771 quod
799 3704 920 3747 nos
965 3682 1041 3755 in
1089 3686 1275 3747 arcto
1318 3682 1522 3768 positi
1567 3702 1849 3747 essemus
1894 3687 1963 3747 et
2006 3682 2483 3749 incrementum
2528 3685 2659 3747 ter-

553 3807 777 3851 rarum
845 3789 1222 3851 nostrarum
1288 3782 1540 3851 ibidem
1601 3784 1821 3851 indies
1895 3784 2252 3866 abundare,
2316 3790 2660 3872 sperantes

555 3910 712 3977 ergo
787 3909 909 3953 nos
982 3908 1102 3974 pro
1177 3887 1374 3954 dictis
1437 3886 1706 3955 decimis
1768 3888 2060 3977 pretium
2126 3887 2457 3975 profusius
2523 3887 2659 3953 illis

1087 4069 1193 4079 ...η-α.-

1386 4070 1924 4081 *ffi-——UQ—
1957 4074 2069 4079 -—-—-
2100 4074 2331 4081 --—·—-——

623 4184 638 4215 ¹
673 4178 831 4249 quod]
869 4190 942 4242 ut,
967 4184 1030 4235 P.
1195 4223 1199 4227 .
1645 4180 1885 4245 Hugonis
1907 4180 2107 4231 abbatis
2132 4186 2161 4231 5
2184 4178 2391 4231 fuerunt
2411 4180 2655 4242 alienatis,

620 4264 640 4293 ²
673 4261 993 4329 cohabitatio]
1033 4275 1091 4313 so
1135 4262 1188 4311 in
1234 4259 1360 4311 both
1405 4259 1558 4312 MSS.
1646 4261 1779 4311 utin
1800 4276 1893 4311 suo
1917 4268 2141 4325 tempore
2162 4262 2419 4320 referetur,
2442 4262 2503 4311 P.

554 4341 635 4392 for
656 4342 1012 4393 cohabitator?
1711 4342 1730 4369 ⁶
1763 4339 1917 4390 After
1938 4340 2009 4390 ad
2038 4340 2200 4391 insert
2237 4340 2401 4391 dictos
2432 4340 2653 4404 priorem

621 4422 642 4452 ⁸
673 4420 793 4471 villa
827 4456 840 4472 .
877 4454 892 4471 .
925 4419 1194 4487 Botulphz']
1235 4418 1424 4471 Sancto
1455 4420 1558 4470 Bo·-
1645 4426 1712 4479 et,
1735 4418 1793 4469 P.

563 4500 757 4563 tulpho,
778 4500 838 4550 P.
1710 4501 1732 4530 ⁸
1762 4498 2023 4565 conduxit]
2062 4506 2276 4565 ceperat,
2300 4499 2361 4549 P.

624 4582 642 4609 ⁴
676 4577 829 4628 Astel-
850 4580 1161 4629 continentem
1192 4579 1370 4640 insert,
1403 4576 1558 4643 Hugo
1710 4580 1730 4607 ’
1764 4578 1916 4630 Aster
1935 4578 2083 4630 dictis
2104 4580 2265 4630 insert
2285 4580 2456 4643 priore
2478 4586 2545 4642 et,
2568 4580 2627 4631 P.

559 4672 754 4721 quoque
777 4658 840 4707 de
855 4656 1070 4708 Boltona
1087 4658 1406 4722 prascriptus
1421 4657 1562 4709 dedit
1711 4661 1732 4689 ⁸
1762 4658 1914 4709 After
1936 4658 2186 4709 ecclesiam
2207 4658 2365 4710 insert
2385 4660 2449 4709 de
2467 4658 2655 4710 Wher-

555 4737 704 4787 nobis
749 4750 904 4786 unum
946 4735 1130 4787 tostum
1174 4743 1226 4787 et
1271 4742 1301 4786 2
1344 4738 1558 4787 bovatas
1642 4751 1797 4800 roma,
1822 4738 1881 4787 P.

553 4822 700 4867 terrm
733 4814 786 4866 in
819 4814 1054 4878 Boltona,
1086 4827 1199 4881 quoe
1239 4815 1295 4865 in
1337 4823 1558 4883 tempore
1704 4820 1725 4848 ⁰
1757 4817 1910 4868 After
1936 4818 2036 4882 ipsi
2056 4818 2217 4869 insert
2238 4817 2380 4883 prior
2402 4825 2469 4881 et,
2492 4820 2560 4871 P.

2250 4916 2303 4965 x
2348 4902 2389 4965 2
