3519 5734
848 840 976 903 234
1443 854 1534 907 ΤΒ
1543 854 1724 903 oms
1768 854 1989 903 Anus
2034 856 2340 905 merrus.

509 1032 804 1083 A-D·1¹⁸2
847 1031 1132 1097 nasterio
1197 1052 1284 1096 ex
1331 1032 1488 1117 ipsis
1533 1031 1748 1097 adhuc
1789 1030 2150 1113 imminere,
2196 1034 2407 1099 accito
2466 1038 2653 1120 patre
2704 1032 2945 1100 abbate

507 1106 572 1149 ἰ
585 1102 693 1150 ¹⁹⁷·
847 1135 930 1198 de
996 1134 1340 1212 Fontibus,
1410 1133 1692 1199 officium
1762 1134 2145 1201 abbatiatus
2209 1137 2313 1200 sui
2338 1133 2357 1171 ¹
2437 1138 2495 1201 ei
2561 1135 2941 1223 resignavit,

847 1257 1024 1302 anno
1056 1236 1330 1301 Domini
1362 1234 1557 1315 1197,
1587 1241 1660 1301 et
1701 1237 2301 1303 administrationis
2344 1260 2482 1303 suae
2515 1238 2649 1304 15.ει
2709 1239 2943 1326 Super·-

809 1361 816 1367 ·
845 1338 1024 1403 vixit
1065 1342 1290 1404 autem
1333 1342 1488 1424 post
1545 1338 1901 1403 cessionem
1945 1359 2134 1404 suam
2178 1339 2313 1405 fere
2356 1363 2473 1427 per
2518 1346 2557 1405 5
2604 1362 2833 1419 annos,
2876 1346 2946 1406 et

847 1462 1021 1506 anno
1065 1440 1339 1505 Domini
1387 1443 1560 1503 1202
1605 1440 1788 1504 viam
1832 1442 2159 1507 universae
2216 1444 2433 1509 carnis
2474 1442 2824 1529 ingressae,
2870 1443 2943 1507 in

847 1543 1136 1629 capitulo
1171 1544 1372 1628 juxta
1411 1542 1915 1629 praedecessores
1974 1565 2127 1609 suos
2169 1544 2385 1609 Adam
2448 1549 2518 1609 et
2563 1544 2943 1631 Philippum

838 1646 1046 1730 juxta
1110 1644 1466 1710 australem
1533 1642 1906 1709 columnam
1950 1666 2136 1710 secus
2180 1646 2561 1733 analogium
2578 1644 2606 1682 ³
2648 1647 2945 1733 sepultus

509 1754 783 1821 Buildings
849 1753 964 1813 est.
1056 1747 1396 1833 Siquidem
1441 1744 1470 1781 ⁴
1488 1746 1665 1811 idem
1727 1747 1934 1811 abba-s
2000 1748 2249 1834 incepit
2306 1770 2549 1813 novam
2594 1747 2946 1828 ecclesiam,

509 1836 634 1938 ffi
627 1825 712 1873 ted
735 1825 806 1888 by
847 1852 916 1914 et
953 1849 1263 1934 quicquid
1323 1854 1524 1914 antea
1583 1849 1656 1913 in
1721 1871 1800 1913 ea
1862 1854 2311 1915 constructum
2378 1850 2595 1916 fuerat
2658 1853 2947 1937 prostra—

845 1949 998 2031 vit3⁴
1042 1952 1200 2037 quia
1265 1952 1484 2015 minus
1547 1957 1987 2037 congruenter
2054 1973 2251 2038 quam
2314 1952 2573 2018 deceret
2630 1953 2951 2039 disposita

846 2059 991 2119 erat
1051 2060 1120 2119 et
1187 2059 1572 2131 constructa.
1696 2053 1829 2119 Sed
1891 2059 2119 2141 postea
2186 2055 2569 2121 Alexander
2630 2056 2837 2121 abbas
2904 2057 2947 2119 4

846 2176 1170 2221 successor
1235 2155 1392 2241 ejuS,
1437 2156 1649 2240 ipsam
1711 2176 1957 2221 novam
2021 2158 2571 2222 constructionem
2632 2153 2948 2235 diruens,⁶

509 2266 546 2315 f.
570 2270 636 2315 30
659 2266 704 2315 b·
847 2258 1050 2344 coepit
1093 2258 1175 2322 de
1218 2280 1394 2323 novo
1417 2256 1443 2295 ⁰
1485 2258 1824 2323 ecclesiam
1883 2280 2031 2344 quae
2092 2280 2272 2324 nunc
2318 2265 2419 2323 est
2442 2258 2467 2295 ⁷
2512 2256 2950 2325 reaedificare.⁰

511 2377 810 2429 Succession
937 2357 965 2396 ⁹
988 2359 1195 2445 Cujus
1285 2360 1551 2446 quidem
1647 2358 1911 2424 abbatis
1984 2366 2294 2446 tempore,
2368 2367 2520 2445 post
2594 2359 2947 2425 Urbanum

509 2444 574 2495 ⁰¹⁹
583 2460 750 2509 9⁰9⁶*
844 2483 1083 2548 papam
1131 2465 1190 2539 3,
1219 2466 1667 2528 successerunt
1715 2463 1931 2527 eidem
1982 2462 2275 2533 seriatim
2322 2462 2674 2548 Gregorius
2724 2466 2784 2541 8,
2830 2484 2947 2526 na-

844 2563 1028 2629 tione
1095 2564 1620 2639 BeneventanuS‚
1668 2568 1739 2628 et
1805 2563 2107 2631 Clemens
2152 2568 2209 2640 3,
2256 2565 2529 2632 natione
2591 2564 2943 2640 RomanuS,

845 2688 962 2752 per
1007 2668 1048 2731 3
1093 2688 1304 2731 annos
1361 2666 1580 2731 sedem
1647 2665 2073 2752 apostolicam
2136 2666 2591 2751 gubernantes
2688 2665 2943 2744 Quibus

505 2738 764 2824 belestine
849 2768 1245 2835 Coelestinus
1308 2772 1351 2835 3
1417 2769 1686 2832 natione
1752 2768 2091 2832 Romanus
2151 2769 2473 2833 successit.
2584 2774 2701 2844 Qui
2752 2775 2813 2828 2⁰
2847 2774 2941 2829 die
2968 2773 3032 2823 R.
3057 2773 3221 2825 Cestr.

508 2838 666 2967 ἔξω
690 2919 752 2968 of
849 2870 1300 2926 consecrationis
1343 2888 1465 2926 suae
1505 2872 1807 2924 coronavit
1840 2871 2167 2926 Henricum
2199 2869 2253 2936 5,
2294 2869 2593 2925 Frederici
2630 2869 2840 2932 filium,
2878 2867 2940 2922 jn
2968 2840 3060 2891 col.
3086 2846 3237 2894 2403.

511 2984 806 3034 mnafion
845 2955 1276 3025 imperatorem,
1333 2954 1442 3010 sub
1491 2953 1602 3008 hac
1653 2953 1859 3008 forma.
1936 2954 2010 3009 In
2055 2955 2282 3025 primis,
2333 2960 2567 3025 recepto
2620 2952 2693 3006 ab
2741 2951 2945 3006 eodem

510 3051 584 3113 by
605 3049 712 3098 him
735 3050 798 3099 0f
848 3037 1106 3092 Henrico
1133 3038 1484 3108 juramentO,
1525 3043 1657 3092 ante
1693 3037 1913 3106 gradus
1949 3038 2211 3093 ecclesiae
2246 3038 2541 3102 Romanae,
2570 3035 2729 3107 quod
2762 3034 2941 3089 eccle-

511 3115 599 3164 ΦΕ
621 3131 784 3178 empe-
850 3120 998 3175 siam
1034 3120 1148 3175 Dei
1197 3121 1554 3186 defenderet,
1596 3120 1724 3190 ejus
1772 3121 1913 3192 jura
1963 3126 2351 3186 conservaret,
2389 3126 2613 3176 rectam
2648 3118 2943 3191 justitiam

510 3195 598 3298 ¹¹31·
619 3183 800 3248 Hem-y
850 3219 1092 3279 teneret,
1146 3213 1566 3285 patrimonium
1619 3203 1845 3268 Sancti
1904 3213 2069 3268 Petri
2112 3213 2165 3266 si
2218 3211 2362 3283 quid
2380 3211 2421 3243 ¹⁰
2456 3213 2716 3266 ablatum
2766 3209 2945 3264 fuerit

847 3310 954 3385 'pro
1005 3329 1177 3386 posse
1225 3319 1544 3378 revocaret,
1585 3304 1644 3368 ei
1701 3331 1733 3368 e
1771 3317 1973 3368 contra
2008 3310 2277 3367 dominus
2329 3329 2499 3383 papa,
2552 3312 2615 3366 in
2670 3308 2947 3364 cathedra

849 3405 1056 3460 sedens
1093 3423 1481 3475 coronamque
1517 3405 1883 3476 imperialem
1908 3403 2156 3475 pedibus
2192 3409 2414 3467 tenone,
2453 3403 2732 3458 inclinato
2768 3400 2945 3473 capiti

849 3489 1143 3560 imperiali
1178 3487 1440 3554 dimisit3
1499 3505 1675 3559 quam
1729 3489 1928 3543 statim
1980 3505 2116 3542 cum
2167 3487 2414 3558 pedibus
2466 3487 2531 3540 in
2583 3493 2803 3542 terram
2852 3504 2948 3542 ex·

917 3707 932 3736 ¹
970 3705 1254 3754 abbatiam
1274 3706 1380 3771 sui]
1419 3722 1582 3766 suum,
1603 3707 1663 3757 P.
1894 3713 1899 3759 Ι
2008 3709 2029 3736 ⁸
2062 3707 2215 3756 Aster
2236 3723 2354 3756 novo
2376 3707 2533 3756 insert
2559 3707 2761 3768 dictam,
2785 3707 2845 3757 P.

916 3787 940 3816 ²
971 3785 1122 3836 After
1151 3791 1212 3836 15
1249 3787 1421 3846 insert,
1455 3787 1522 3836 Et
1557 3787 1631 3836 sie
1672 3787 1854 3836 cedens
1894 3789 1899 3827 Ι
2008 3788 2027 3816 ”
2062 3801 2170 3848 quoe
2194 3802 2321 3834 nunc
2343 3786 2442 3851 est]
2484 3787 2711 3850 wanting
2734 3787 2790 3836 in
2810 3787 2869 3836 P.

850 3871 902 3914 et
922 3865 1078 3929 quieti
1103 3880 1206 3914 suae
1241 3865 1550 3930 prospiciens
1583 3865 1715 3914 inter
1745 3881 1853 3914 mo·
1894 3850 1900 3921 l
2008 3865 2028 3892 ⁸
2061 3865 2384 3930 reoednficare]
2424 3865 2581 3915 From
2604 3865 2707 3916 this
2728 3867 2873 3929 point
2893 3874 2946 3916 to

849 3945 1041 3994 nachos
1090 3945 1326 4008 deinceps
1380 3951 1718 3994 commoratus
1764 3951 1855 4004 est,
1942 3942 2029 3993 the
2075 3945 2172 3992 end
2219 3944 2278 3992 of
2314 3945 2401 3993 the
2445 3944 2644 4010 history
2692 3945 2753 3994 of
2798 3947 2945 3994 abbat

848 4023 992 4088 quasi
1016 4039 1145 4072 unus
1167 4039 1234 4073 ex
1255 4023 1393 4087 ipsis,
1416 4023 1476 4072 P.
1944 4022 2182 4084 Thomas,
2237 4023 2325 4073 the
2372 4023 2597 4087 Egerton
2652 4024 2765 4074 MS.
2822 4017 2945 4088 only

913 4105 935 4134 ⁸
967 4101 1268 4168 analoyium]
1308 4101 1600 4166 anologium
1635 4101 1686 4151 in
1729 4102 1853 4152 both
1942 4101 2177 4165 abridges
2199 4101 2285 4150 the
2308 4102 2563 4152 narrative
2586 4117 2642 4151 as
2670 4103 2779 4151 first
2807 4103 2945 4151 writ-

848 4180 1003 4232 MSS.
1942 4185 2044 4238 ten,
2067 4180 2167 4230 and
2200 4182 2463 4244 preserved
2486 4181 2541 4229 in
2578 4182 2663 4232 the
2696 4181 2944 4245 Phillipps

913 4262 933 4290 ⁴
967 4260 1088 4309 idem
1111 4259 1266 4310 abbas
1315 4297 1329 4310 .
1365 4296 1379 4310 .
1431 4296 1444 4309 .
1494 4296 1508 4309 .
1549 4261 1848 4325 prostravit]
1941 4259 2074 4319 MS„
2093 4261 2193 4308 and
2210 4260 2377 4310 which
2390 4260 2435 4310 is
2448 4261 2696 4312 therefore
2712 4261 2943 4311 followed

849 4343 967 4387 ante
1009 4354 1170 4388 annos
1213 4339 1406 4402 aliquot
1449 4338 1650 4404 incepta
1692 4339 1855 4389 fuerat
1940 4339 1996 4387 in
2040 4339 2127 4388 the
2170 4345 2292 4389 text.
2360 4338 2473 4390 The
2528 4341 2848 4406 abridgment
2898 4343 2944 4390 is

849 4416 1076 4476 ecclesia,
1099 4419 1187 4467 sed
1221 4423 1444 4481 tempore
1477 4416 1627 4481 hujus
1659 4418 1855 4468 abbatis
1940 4418 2141 4480 printed
2208 4433 2263 4468 as
2324 4434 2390 4469 an
2445 4420 2698 4484 appendix
2752 4426 2807 4470 to
2860 4419 2943 4468 the

849 4495 1087 4558 quicquid
1129 4495 1185 4543 in
1231 4511 1290 4545 ea
1328 4503 1477 4546 antea
1511 4505 1852 4547 constructum
1941 4496 2135 4560 history
2158 4497 2219 4546 of
2232 4498 2317 4550 the
2339 4500 2507 4549 abbat.

845 4573 1012 4624 fuerat
1033 4576 1336 4625 destructum
1361 4583 1451 4637 est,
1473 4575 1534 4626 P.
2003 4577 2023 4605 ⁹
2064 4575 2221 4640 cujus
2242 4577 2455 4644 quidem]
2493 4578 2617 4628 Part
2639 4579 2699 4628 of
2726 4577 2944 4642 chaptu-

910 4655 932 4684 ⁵
967 4655 1126 4720 ipsam
1172 4690 1187 4705 .
1222 4691 1236 4704 .
1276 4691 1292 4706 .
1339 4653 1563 4722 diruens]
1624 4656 1853 4721 wanting
1938 4655 2063 4704 VII.
2086 4655 2142 4704 in
2162 4655 2220 4705 P.

844 4730 900 4782 in
921 4731 982 4784 P.
2004 4737 2044 4766 ¹⁰
2061 4735 2223 4802 quid}
2243 4739 2391 4800 quod,
2416 4738 2526 4792 MS.
