3519 5734
1127 865 1554 918 ALEXANDER
1594 865 1811 916 ABBAS
1855 863 2186 928 QUARTUS.
2308 893 2315 899 ·
2578 857 2707 918 325

605 1038 964 1122 secundum
1039 1040 1340 1106 mandati
1419 1041 1764 1128 apostolici
1840 1042 2411 1130 complementum.
2535 1041 2707 1129 Ipsis
2731 1049 3024 1102 A.D.1197

609 1161 762 1228 ergo
828 1141 1276 1210 condemnatis
1337 1143 1412 1208 in
1475 1165 1584 1210 xv.
1655 1167 1927 1236 marcas,
1994 1144 2309 1222 videlicet
2366 1147 2405 1208 5
2456 1165 2707 1210 marcas

2730 1121 2914 1167 —1210.

2730 1195 2964 1248 Resisted

585 1244 874 1310 ‘nomine
903 1267 1342 1332 expensarum
1372 1247 1634 1314 ultimae
1665 1247 1809 1313 litis
1840 1253 1908 1314 et
1942 1251 2029 1313 10
2060 1269 2317 1313 marcas
2346 1247 2705 1334 pristinas;
2730 1263 2801 1328 by
2820 1263 2975 1315 them.

605 1368 752 1412 cum
815 1352 1042 1414 tamen
1107 1349 1236 1438 ipsi
1301 1349 1598 1416 canonici
1673 1351 2063 1438 praedictam
2136 1350 2704 1417 condemnationis

603 1471 928 1516 summam
971 1451 1059 1518 ad
1103 1453 1464 1518 terminum
1493 1475 1536 1517 a
1568 1451 1909 1539 judicibus
1939 1453 2035 1520 eis
2063 1454 2412 1540 praefixum
2442 1453 2657 1518 adhuc
2682 1452 2701 1489 ¹

603 1553 794 1618 nobis
857 1555 1108 1621 solvere
1180 1559 1576 1636 recusarent,
1647 1556 1945 1643 suspensi
2020 1562 2178 1622 sunt
2254 1555 2342 1620 ab
2405 1555 2704 1644 ingressu

605 1655 909 1735 ecclesiae,
954 1664 1024 1724 et
1076 1658 1468 1724 mandatum
1529 1658 1775 1726 iterum
1844 1661 1945 1724 est
2012 1658 2107 1725 eis
2150 1681 2191 1723 a
2243 1657 2585 1745 judicibus
2627 1663 2706 1723 ut

603 1760 950 1826 sententiae
1023 1765 1093 1826 et
1165 1760 1483 1827 solutioni
1556 1760 1851 1848 praefatis
1939 1764 2264 1849 parerent.
2402 1758 2657 1839 Quibus
2678 1762 2705 1800 ²

603 1863 934 1929 mandatis
997 1885 1145 1930 cum
1207 1863 1474 1930 omnino
1536 1864 1810 1930 rebelles
1878 1863 2289 1942 exsisterent,
2335 1865 2477 1950 ipse
2523 1863 2707 1950 prior

605 1965 686 2030 de
734 1965 1088 2053 Nosthylle
1131 1975 1200 2033 et
1243 1967 1600 2033 consiliarii
1647 1968 1881 2032 domus
1926 1988 2075 2032 cum
2133 1967 2509 2033 fautoribus
2566 1966 2707 2032 suis

604 2070 937 2136 sententia
996 2070 1700 2137 excommunicationis
1763 2074 1922 2135 sunt
1980 2069 2303 2135 innodati.
2396 2069 2529 2135 Sed
2571 2068 2703 2155 ipsi

602 2170 890 2251 interim,
919 2173 1238 2258 quasdam
1283 2173 1544 2240 litteras
1589 2172 1985 2260 apostolicas
2028 2173 2461 2259 impetrantes
2508 2193 2705 2259 super

602 2275 1073 2361 compositione
1118 2281 1485 2342 memorata
1529 2298 1688 2342 xxx.
1733 2275 2095 2341 solidorum
2142 2275 2571 2352 observanda,
2617 2276 2704 2340 ad

592 2375 850 2462 judices
915 2379 1106 2446 nobis
1174 2383 1506 2466 suspectos
1565 2383 1634 2444 et
1678 2377 2063 2443 manifestos
2109 2376 2537 2458 adversarios,
2582 2377 2703 2442 sci-

601 2477 756 2546 licet
799 2480 1118 2548 decanum
1163 2487 1233 2547 et
1275 2481 1761 2548 thesaurarium
1807 2479 2105 2559 Eboraci,
2152 2480 2270 2566 qui
2314 2486 2542 2547 contra
2583 2501 2702 2545 nos

601 2581 674 2645 in
742 2605 940 2650 causa
1005 2590 1232 2651 nostra
1281 2584 1604 2671 praedicta
1647 2589 1790 2650 tam
1850 2605 1967 2670 per
2035 2583 2294 2648 litteras
2340 2605 2539 2669 quam
2584 2605 2700 2671 per

602 2685 828 2751 vivam
873 2709 1100 2754 vocem
1145 2686 1584 2775 appellarunt,
1630 2708 1752 2752 nos
1811 2707 2031 2752 coram
2091 2685 2185 2751 eis
2227 2691 2584 2752 traxerunt
2626 2686 2701 2751 in

603 2810 874 2855 causam.
971 2789 1150 2871 Quos
1213 2813 1362 2857 cum
1437 2795 1754 2878 tanquam
1830 2795 2163 2879 suspectos
2237 2811 2699 2871 recusaremus,

600 2892 730 2979 ipsi
771 2893 1204 2961 nihilominus
1233 2900 1463 2961 contra
1491 2895 1771 2961 formam
1809 2894 1981 2981 juris
2011 2899 2464 2982 processerunt
2493 2916 2700 2981 usque

600 2996 690 3061 ad
733 2997 1232 3083 productionem
1299 2998 1576 3065 testium
1635 3002 1705 3063 et
1749 2996 2266 3085 publicationem
2326 2998 2701 3064 attestatio-

598 3122 778 3168 num.
869 3101 1165 3182 Quorum
1210 3101 1612 3189 proterviam
1665 3105 1735 3167 et
1778 3100 2095 3167 astutiam
2143 3106 2341 3187 atque
2388 3102 2700 3167 audacem
2729 3124 2931 3177 Second

598 3204 961 3271 versutiam
1019 3205 1280 3286 timens,
1325 3204 1714 3271 Alexander
1767 3204 1976 3270 abbas
2018 3208 2245 3271 noster
2289 3205 2362 3270 in
2408 3210 2699 3271 transac-
2726 3195 2976 3311 ξίἷῖροῦί-

597 3308 864 3389 tionem,
918 3310 1043 3374 sub
1118 3330 1340 3374 annuo
1415 3329 1666 3375 canone
1741 3307 2025 3373 duarum
2097 3329 2465 3373 marcarum
2504 3308 2703 3395 ‚ipsis

597 3412 923 3479 canonicis
995 3412 1499 3493 reddendarum,
1554 3433 1673 3500 per
1749 3410 1989 3477 electos
2054 3411 2297 3477 iterum
2321 3407 2349 3446 ⁸
2416 3410 2701 3477 arbitros

598 3516 1015 3581 consentivit.
1109 3514 1276 3582 Haec
1335 3520 1564 3580 autem
1628 3512 1951 3579 dissensio
2011 3512 2191 3579 inter
2243 3512 2421 3599 ipsos
2467 3519 2534 3580 et
2578 3534 2699 3579 nos

597 3639 716 3705 per
759 3640 822 3684 x.
871 3640 1078 3683 annos
1122 3618 1486 3695 continUOS,
1533 3637 1672 3681 non
1717 3620 1949 3681 tamen
1994 3616 2137 3681 sine
2166 3615 2485 3702 gravibus
2515 3616 2700 3681 dam-

595 3722 702 3787 nis
760 3728 830 3787 et
888 3720 1208 3807 expensis,
1253 3720 1660 3786 versabatur.
1754 3718 1888 3785 Sed
1948 3724 2173 3783 tamen
2218 3720 2304 3784 ad
2348 3720 2701 3807 pristinam

597 3824 1131 3911 compositionem
1159 3844 1322 3889 m.
1354 3823 1715 3889 solidorum
1733 3819 1763 3857 ⁴
1795 3822 2079 3908 qualiter
2123 3822 2701 3889 condescendimus

597 3928 865 4016 penitus
909 3928 1265 4016 ignoratur.
1357 3924 1560 3992 Unde
1623 3925 1833 3990 dictos
1881 3928 1967 3991 30
2017 3924 2261 3990 solidos
2304 3926 2466 4012 ipsis
2510 3948 2702 3991 cano-

597 4032 763 4098 nicis
806 4029 1332 4118 persolvebamus
1393 4050 1734 4115 quousque
1793 4033 2039 4114 postea,
2088 4033 2384 4115 tempore
2431 4027 2701 4094 Ricardi

598 4135 862 4201 abbatis
955 4138 1058 4213 12,
1144 4133 1262 4198 illa
1341 4131 1727 4218 compositio
1815 4130 2035 4195 fuerat
2134 4131 2401 4195 irritata
2485 4135 2555 4195 et
2627 4128 2703 4193 in

599 4237 1144 4325 compositionem
1213 4238 1298 4300 50
1368 4234 1726 4301 solidorum
1797 4235 2267 4311 transmutata,
2316 4238 2397 4297 ut
2442 4230 2701 4318 patebit

599 4341 884 4408 inferius.
1916 4319 1951 4373 ⁸

669 4638 682 4668 ¹
719 4633 905 4701 adhuc]
943 4634 1174 4700 wanting
1195 4634 1248 4684 in
1271 4634 1334 4683 P.
1768 4633 1785 4663 ⁴
1820 4632 1969 4683 After
2034 4630 2291 4681 solidorum
2345 4630 2521 4690 insert,
2573 4629 2703 4681 inter

666 4718 686 4747 ²
725 4715 942 4781 Quibus]
982 4714 1224 4777 Quorum,
1247 4715 1308 4765 P.
1701 4718 1867 4775 partes
1898 4726 1987 4775 per
2009 4710 2345 4763 willielmum
2379 4711 2442 4761 de
2474 4710 2704 4776 Brytona

666 4796 687 4826 ⁸
719 4795 914 4862 iterum]
952 4795 1182 4861 wanting
1202 4795 1258 4845 in
1285 4794 1346 4845 P.
1701 4791 1904 4853 factam,
1927 4790 1987 4841 P.
