3519 5734
1148 864 1495 918 RICARDUS
1538 863 1753 915 ABsAs
1798 864 2149 913 summus.
2509 835 2522 849 '
2561 848 2689 911 409

600 1063 751 1107 cum
794 1040 1275 1126 archiepiscopo
1303 1038 1693 1126 supradicto,
1789 1038 2272 1105 Concordatum
2297 1036 2318 1075 ¹
2367 1059 2519 1126 ergo
2564 1036 2694 1103 fuit
2717 1031 2972 1085 &12122

601 1144 777 1209 inter
839 1142 1389 1230 archiepiscopum
1456 1147 1529 1207 et
1592 1140 1902 1207 abbatem
1965 1146 2264 1206 nostrum
2285 1140 2313 1179 ²
2379 1140 2450 1206 in
2515 1140 2699 1207 curia
2719 1105 2901 1153 '¹²³⁵‘

603 1244 822 1333 regiS,¹¹
864 1246 1043 1332 quod
1087 1243 1607 1332 archiepiscopus
1652 1243 1794 1330 ipse
1846 1241 2190 1330 praefatam
2218 1248 2464 1307 terram
2508 1242 2700 1308 nobis

604 1371 721 1435 per
748 1347 1047 1414 chartam
1092 1369 1281 1413 suam
1326 1352 1397 1413 et
1439 1347 1741 1412 chartam
1787 1344 2064 1432 capituli
2094 1345 2522 1411 Eboracensis
2551 1367 2702 1410 con-

605 1448 943 1527 firmaret‚⁴
989 1455 1056 1516 et
1098 1470 1223 1514 nos
1266 1449 1545 1534 praefato
1590 1446 2074 1534 archiepiscopo
2119 1453 2187 1513 et
2231 1447 2706 1513 successoribus

604 1552 747 1637 ejus
790 1556 1059 1617 centum
1106 1551 1350 1617 solidos
1394 1551 1743 1615 annuatim
1775 1573 1894 1637 pro
1925 1550 2150 1615 eadem
2183 1554 2360 1615 terra
2378 1550 2406 1587 ⁶
2452 1550 2706 1615 solvere

608 1654 1009 1731 deberemus,
1055 1658 1125 1719 et
1170 1652 1487 1739 quicquid
1538 1652 1711 1738 juris
1775 1652 1850 1717 in
1915 1651 2184 1717 ecclesia
2248 1652 2332 1717 de
2397 1650 2707 1739 Waghna

607 1756 957 1822 habuimus
1032 1755 1307 1842 praefato
1374 1754 1855 1841 archiepiscopo
1929 1754 2052 1821 hac
2127 1776 2319 1821 causa
2375 1756 2707 1841 quietum-

609 1859 1051 1925 clamaremua
1144 1857 1339 1939 Quod
1368 1862 1437 1922 et
1466 1856 1715 1923 factum
1761 1862 1880 1935 est,
1913 1862 1982 1923 et
2015 1878 2133 1945 per
2161 1856 2705 1945 chirographum⁶

609 1964 679 2027 in
749 1961 929 2027 curia
994 1960 1167 2049 regis
1229 1959 1737 2027 confirmatum.⁷
1828 1960 1980 2040 Sed,
2042 1965 2379 2027 conventu
2445 1960 2659 2027 adhuc
2681 1961 2708 1997 ⁸

610 2086 797 2129 suam
839 2062 1349 2150 appellationem
1414 2066 1866 2149 prosequente,
1935 2062 2180 2128 litterae
2242 2061 2509 2150 papales
2575 2063 2709 2150 epi-

610 2187 801 2252 scopo
833 2164 1277 2231 Lincolniensi
1308 2168 1379 2230 et
1408 2164 1639 2230 abbati
1670 2166 1753 2230 de
1785 2164 2190 2229 Faversham
2234 2170 2393 2230 sunt
2424 2165 2706 2245 directae,

612 2270 727 2334 sed
772 2290 890 2355 per
931 2267 1315 2355 praedictam
1360 2266 1772 2333 concordiam
1816 2266 2080 2332 fuerant
2125 2266 2532 2334 adnullatae.⁰

616 2556 711 2622 11.
757 2556 854 2620 De
897 2553 1143 2620 divisis
1184 2552 1371 2619 ‘mter
1409 2551 1796 2637 Wayhnam‚
1844 2553 2222 2637 Suffenum,
2269 2563 2328 2623 et
2367 2558 2708 2625 Braunce-

792 2655 1101 2722 holmum
1123 2679 1151 2735 ;
1212 2654 1295 2721 de
1356 2654 1716 2742 Forthdyk‚
1762 2662 1822 2722 et
1865 2663 2106 2742 staqno
2141 2680 2276 2744 pro
2318 2660 2707 2727 ‘molendino

782 2758 988 2845 juata
1030 2756 1417 2843 piscariam
1434 2756 1519 2838 ;¹⁰
1580 2756 1663 2823 de
1722 2756 2065 2827 divisim
2123 2760 2205 2827 de
2253 2760 2710 2829 mebercote-

794 2860 1025 2940 herrm
1072 2866 1151 2926 et·
1175 2859 1255 2927 de
1284 2858 1896 2928 ammuratiom
1931 2869 2242 2950 paetum
2271 2863 2355 2932 de
2395 2864 2706 2952 Waylma.
2730 2885 2770 2939 f.
2791 2889 2855 2938 4⁷
2880 2888 2926 2939 b.

712 3037 977 3102 Interea
1052 3058 1226 3115 vem,
1303 3057 1453 3101 cum
1529 3035 1816 3101 dominis
1840 3035 1888 3074 ¹¹
1959 3037 2184 3104 Saiero
2259 3039 2340 3104 de
2401 3039 2708 3122 Suttona,
2735 3055 2991 3122 Waghna.

620 3139 665 3204 J
669 3139 929 3205 ohanne
991 3138 1072 3203 de
1134 3137 1357 3216 Melea,
1420 3141 1491 3202 et
1533 3136 1872 3203 willelmo
1939 3139 2022 3204 de
2081 3139 2329 3207 Sancto
2376 3140 2594 3223 Luci0‚
2641 3151 2709 3212 et
2735 3152 2964 3208 Suttona.

690 3360 703 3390 ¹
747 3357 1127 3422 Concor-datum]
1168 3358 1507 3419 conventum,
1528 3357 1590 3408 P.

688 3441 709 3470 ²
740 3439 979 3504 nostrum]
1018 3437 1244 3503 wanting
1264 3437 1319 3486 in
1342 3435 1403 3488 P.

1707 3359 1915 3418 boratae,
1971 3374 2064 3423 pro
2121 3360 2246 3425 ipsis
2303 3362 2454 3413 terris
2509 3371 2712 3414 centum

1708 3437 1897 3488 solidos
1920 3438 2162 3490 solvimus
2184 3441 2462 3502 annuatim,
2483 3448 2535 3493 et
2553 3443 2712 3493 eccle·

689 3519 711 3547 ³
740 3517 893 3567 Afier
912 3516 1041 3580 reyt's
1071 3514 1244 3576 insert,
1268 3521 1319 3565 et
1351 3529 1440 3580 per
1460 3514 1627 3566 chiro·

624 3595 875 3660 graphum
896 3609 1045 3658 super
1064 3593 1165 3644 hoc
1188 3595 1474 3645 confectum
1506 3609 1629 3645 con-

629 3675 885 3724 firmatum
906 3680 997 3734 est,
1020 3672 1081 3723 P.

692 3754 711 3783 ⁴
742 3749 1078 3816 confirmaret]
1139 3749 1437 3802 confirmare
1481 3753 1629 3803 debe-

623 3837 716 3892 ret,
737 3830 798 3881 P.

692 3915 713 3942 ὃ
742 3926 835 3977 pro
866 3947 881 3961 .
917 3946 932 3961 .
968 3909 1127 3975 terra]
1156 3907 1381 3974 wanting
1402 3909 1459 3959 in
1480 3908 1540 3962 P.

691 3994 712 4022 ⁰
744 3988 1143 4056 chirographum]
1193 3988 1545 4053 cirographum
1578 3989 1631 4040 in

626 4069 750 4122 both
772 4069 925 4119 MSS.

696 4153 713 4179 ⁷
748 4148 902 4199 After
922 4147 1253 4210 confirmatum
1284 4145 1461 4207 insert,
1484 4145 1635 4197 Unde

626 4235 681 4281 et
700 4227 821 4278 finis
844 4227 900 4277 in
923 4226 1066 4276 curia
1086 4226 1223 4290 regis
1245 4232 1321 4276 est
1344 4226 1525 4286 levata,
1548 4227 1609 4277 P.

694 4311 715 4338 ⁸
756 4304 862 4358 Sed
891 4341 907 4358 .
942 4342 959 4358 .
994 4303 1185 4370 adhuc]
1232 4303 1516 4368 Conventa,
1538 4305 1633 4356 ita-

629 4403 743 4453 que,
766 4385 827 4436 P.

694 4469 717 4496 ⁰
742 4481 837 4530 per
870 4502 883 4516 .
921 4501 934 4514 .
972 4501 984 4514 .
1021 4501 1033 4516 .
1069 4461 1365 4530 adnulbztoe]
1419 4463 1635 4528 qualiter

632 4543 889 4596 contentio
910 4543 1003 4594 illa
1033 4544 1193 4594 fuerat
1227 4545 1398 4594 sedata
1432 4543 1634 4608 penitus

632 4625 908 4687 ignoratur.
975 4623 1091 4672 Hoc
1113 4629 1280 4673 autem
1303 4621 1476 4683 scitur,
1500 4624 1635 4687 quod

636 4703 823 4752 virtute
890 4700 1029 4752 illius
1098 4699 1492 4765 compositionis,
1547 4717 1635 4766 per

636 4783 789 4834 finem
810 4781 885 4835 sic
910 4780 968 4832 in
990 4781 1131 4832 curia
1164 4779 1353 4833 domini
1386 4781 1523 4848 regis
1554 4796 1634 4832 ro-

1710 3516 1790 3566 sia
1809 3517 1922 3582 ipsa
1935 3518 1999 3568 de
2012 3517 2252 3584 Waghna
2267 3521 2335 3570 ad
2357 3523 2711 3573 cancellarium

1708 3596 1938 3646 ecclesias
1992 3596 2327 3650 Eboracensis
2369 3600 2426 3649 in
2479 3604 2713 3666 praesenti

1710 3675 1939 3726 noscitur
1990 3677 2256 3740 pertinere.
2322 3678 2450 3730 Post
2500 3687 2713 3733 mortem

1711 3767 1835 3803 vero
1905 3753 2141 3820 Agnetis,
2212 3759 2468 3821 quondam
2537 3760 2715 3811 uxoris

1712 3831 1940 3883 Amaudi
1983 3832 2246 3885 Pincernae
2291 3844 2342 3886 et
2371 3845 2544 3901 postea
2580 3839 2713 3890 Lau-

1713 3911 1866 3961 rentii
1878 3912 1941 3962 de
1954 3911 2216 3974 Rowtona,
2230 3913 2434 3979 quidam
2452 3916 2712 3970 Galfridus

1713 3989 1946 4055 Bar-gott,
1967 3991 2235 4042 Amandus
2267 3995 2331 4043 de
2363 3994 2515 4044 Ruda
2550 3998 2710 4048 etalii

1714 4069 1778 4118 de
1811 4069 2218 4134 Benyngholmo‚
2249 4071 2558 4124 intruserunt
2579 4091 2634 4126 se
2657 4077 2710 4126 in

1714 4148 1889 4198 domos
1929 4157 1980 4198 et
2017 4155 2174 4199 terras
2213 4165 2337 4214 quas
2371 4151 2425 4201 in
2469 4152 2711 4220 Benyng—

1713 4225 1888 4276 holmo
1941 4227 2265 4280 habebamus.
2367 4229 2468 4282 Sed
2520 4240 2712 4298 postea,

1714 4305 1919 4369 quidam
1963 4306 2151 4357 saniori
2197 4308 2279 4358 usi
2324 4311 2536 4362 consilio
2577 4313 2714 4378 ipsas

1714 4387 1890 4436 domos
1919 4391 1971 4435 et
1997 4392 2155 4437 terras
2188 4388 2333 4439 nobis
2367 4389 2714 4444 restituebant.

1714 4466 1797 4516 De
1841 4463 2022 4530 quibus
2067 4466 2248 4516 iterum
2301 4468 2450 4519 terris
2491 4478 2715 4536 tempore

1717 4544 1926 4596 Roberti
1961 4545 2154 4595 abbatis
2181 4549 2236 4595 11
2263 4553 2434 4610 postea
2452 4549 2710 4602 referetur.

1785 4703 1824 4733 ¹⁸
1855 4701 2004 4753 Aster
2021 4702 2293 4766 piscariam
2315 4704 2472 4756 insert
2492 4713 2559 4770 et,
2574 4708 2634 4759 P.

1787 4779 1820 4812 ¹¹
1856 4779 2086 4849 dominis]
2125 4783 2346 4845 domino,
2367 4783 2427 4835 P.
