3519 5734
820 834 949 898 396
1466 850 1663 900 suco
1708 848 1926 899 ABBAS
1970 848 2290 909 Qum-rus,

483 1028 621 1080 ΑΒ.
654 1036 795 1079 ¹216.
823 1024 1247 1089 minarentur.
1342 1024 1645 1091 Castrum
1692 1047 1954 1111 quoque
1998 1026 2437 1103 Rowcestriae‚
2486 1026 2604 1090 ubi
2639 1025 2922 1110 jampri-

485 1109 731 1226 {3152th
732 1190 761 1225 r
821 1124 970 1190 dem
1016 1148 1311 1212 proceres
1370 1127 1910 1213 conspiraverant
1967 1131 2202 1193 contra
2259 1149 2502 1215 regem,
2549 1149 2666 1192 rex
2713 1148 2920 1191 manu

484 1258 667 1309 Prinee
761 1214 773 1227 ⁹
820 1228 1098 1293 militari
1172 1234 1625 1316 oppugnatum
1700 1230 2017 1317 capiebat.
2131 1230 2437 1297 Proceres
2514 1252 2672 1294 vero
2758 1235 2920 1294 tunc

481 1325 639 1441 153⁸
660 1328 723 1376 ⁰¹*
819 1330 996 1418 apud
1040 1332 1413 1398 Londonias
1458 1338 1955 1411 commorantes
2003 1332 2174 1398 sicut
2219 1333 2396 1420 apud
2443 1333 2918 1399 Rowcestriam

482 1408 678 1509 iuvitgd'
818 1434 1246 1499 decreverant
1290 1435 1757 1521 peragendum,
1791 1433 2099 1521 Philippo
2129 1434 2269 1523 regi
2315 1436 2616 1501 Franciae
2647 1435 2920 1501 nuntios

480 1527 773 1646 gssgrbgions
817 1536 1252 1613 destinarunt,
1287 1536 1646 1623 [petentes]
1694 1536 2124 1604 Lodowicum
2167 1538 2384 1603 filium
2427 1560 2625 1604 suum
2667 1537 2918 1625 primo-

489 1671 521 1721 s,
540 1676 603 1722 53
628 1672 673 1725 b,
778 1634 1116 1725 'genitum
1160 1638 1247 1703 ad
1292 1639 1482 1725 regni
1540 1639 1854 1726 regimen,
1900 1639 1974 1703 in
2019 1662 2241 1726 regem
2286 1639 2555 1727 Angliae
2599 1662 2920 1706 coronan-

818 1741 993 1819 dum,
1027 1746 1107 1805 ut
1150 1762 1352 1805 manu
1383 1739 1659 1807 robusta
1701 1742 1977 1807 veniens
2021 1764 2242 1829 regem
2287 1742 2506 1829 ipsum
2535 1742 2584 1808 J
2586 1742 2912 1808 ohannem

815 1866 857 1907 a
900 1865 1102 1929 regno
1148 1847 1218 1908 et
1260 1842 1579 1929 regimine
1624 1843 2036 1932 propelleret,
2069 1844 2352 1909 ulterius
2397 1844 2669 1910 minime
2699 1866 2919 1909 rever-

816 1966 1059 2011 surum.
1151 1946 1450 2031 Cumque
1515 1968 1637 2011 rex
1683 1946 1980 2013 Franciae
2023 1946 2372 2034 Philippus
2423 1952 2730 2034 rogatum
2773 1948 2916 2012 An-

815 2047 1075 2133 glorum
1141 2047 1613 2135 perpendisset,
1658 2049 1927 2115 firmato
1991 2054 2184 2136 pacto
2229 2072 2379 2115 cum
2436 2050 2696 2115 nuntiis
2737 2051 2918 2137 quod

819 2149 1207 2215 Lodowicus
1250 2150 1429 2215 filius
1472 2173 1631 2217 suus
1690 2173 1842 2217 cum
1887 2152 1983 2217 eis
2026 2151 2099 2216 in
2145 2152 2464 2239 Angliam
2509 2152 2921 2219 coronandus

816 2252 1180 2332 adveniret,
1229 2253 1544 2320 continuo
1587 2254 1814 2319 nuntii
1873 2254 1941 2319 in
2005 2255 2362 2342 praesentia
2405 2255 2580 2343 regis
2623 2254 2919 2342 Philippi

818 2355 1173 2422 Lodowico
1244 2355 1384 2421 filio
1446 2379 1564 2423 suo
1628 2380 1747 2423 sua
1813 2356 2120 2445 homagia
2181 2357 2596 2445 perfecerunt
2669 2363 2738 2423 et
2811 2358 2920 2424 sui

814 2459 1113 2525 homines
1154 2458 1313 2547 legii
1358 2466 1521 2527 tunc
1564 2460 1879 2546 temporis
1924 2461 2349 2527 devenerunt.
2425 2460 2717 2526 Barones
2761 2484 2918 2527 vero

814 2562 1052 2648 reliqui
1112 2562 1477 2628 adventum
1542 2562 1880 2628 Lodowici
1955 2569 2026 2630 et
2087 2564 2486 2630 nuntiorum
2552 2563 2919 2630 Londoniis

814 2664 1271 2753 expectabant.
1362 2664 1496 2731 Sed
1540 2665 1588 2730 J
1592 2664 1884 2731 ohannes
1928 2688 2048 2731 rex
2109 2665 2382 2731 interim
2425 2667 2624 2733 vans
2667 2672 2737 2732 et
2779 2688 2922 2733 cas-

812 2768 974 2834 tella
1047 2789 1196 2853 quae
1272 2766 1401 2833 sibi
1483 2768 1917 2835 adhaerebant
1991 2768 2444 2835 conservanda
2532 2769 2919 2836 custodibus

482 2885 693 2938 Arrival
714 2887 777 2937 of
814 2871 1203 2958 alienigenis
1262 2869 1713 2938 contradebat.
1805 2871 2194 2937 Lodowicus
2256 2893 2416 2938 vero
2459 2872 2632 2939 circa
2673 2873 2920 2940 Ascen-

476 2951 653 3071 {¹33³
816 2974 1069 3040 sionem
1120 2971 1395 3038 Domini
1458 2995 1609 3038 cum
1670 2973 1969 3039 exercitu
2031 2959 2593 3062 Francigenarum
2623 3033 2630 3038 .
2659 2975 2922 3062 copioso

814 3077 887 3142 in
956 3075 1271 3164 Angliam
1340 3075 1736 3164 applicabat,
1783 3081 1853 3143 et
1919 3077 2262 3144 castellum
2311 3078 2738 3144 Rowcestriae
2799 3101 2922 3167 per

815 3179 955 3244 dies
1021 3179 1276 3265 aliquot
1320 3179 1657 3244 obsessum
1726 3178 1836 3244 die
1879 3179 2088 3247 Lunae
2149 3181 2224 3245 in
2275 3181 2662 3246 Pentecoste
2713 3203 2924 3247 manu

814 3282 1039 3348 valida
1078 3282 1511 3371 expugnavit.
1601 3281 1729 3348 Die
1761 3282 1807 3347 J
1810 3283 1953 3348 ovis
1997 3282 2151 3348 inde
2195 3289 2512 3370 sequente
2543 3284 2922 3350 Londonias

814 3386 1214 3474 properavit.
1308 3385 1450 3452 Ubi
1511 3384 1807 3464 barones,
1854 3384 1994 3471 ejus
2037 3386 2402 3452 adventum
2469 3391 2921 3474 expect-antea

814 3510 965 3554 cum
1010 3509 1161 3555 cum
1206 3487 1547 3553 alacritate
1593 3492 1663 3553 et
1707 3487 1948 3553 laetitia
1991 3494 2429 3576 acceptantes,
2467 3495 2538 3555 et
2583 3489 2922 3556 Londoni-

814 3613 1017 3670 enses,
1051 3591 1145 3654 eis
1188 3611 1310 3655 sua
1338 3589 1647 3676 homagia
1675 3591 2156 3677 persolvebant.
2234 3589 2368 3658 Sed
2413 3597 2484 3658 et
2527 3614 2647 3657 rex
2677 3592 2922 3660 Scotiae

476 3701 757 3754 Foru-esses
814 3693 874 3758 ei
926 3692 1321 3757 fidelitatem
1384 3691 1759 3758 exhibebat.
1847 3692 2102 3772 Postea,
2149 3693 2316 3760 feria
2375 3697 2417 3759 4
2463 3700 2614 3781 post
2671 3694 2920 3762 festum

814 3794 1181 3874 Trinitatis,
1230 3793 1408 3882 cepit
1452 3794 1792 3861 castellum
1839 3795 1922 3860 de
1967 3795 2288 3886 Reygate,
2335 3804 2404 3863 et
2450 3797 2556 3864 die
2617 3799 2920 3884 sequenti

814 3898 1157 3966 castellum·
1201 3897 1286 3964 de
1333 3897 1751 3976 Guldeforda,
1799 3902 1869 3964 et
1913 3897 2009 3964 sic
2052 3899 2272 3965 indies
2313 3899 2586 3966 castella
2629 3901 2922 3987 plurima

813 4002 1180 4090 intercepit.
1294 3999 1551 4067 Deinde
1626 4000 2044 4067 Wintoniam
2135 4003 2324 4090 cepit,
2399 4003 2758 4069 Dovoriam
2847 4011 2922 4070 et

812 4105 1299 4172 Windesoriam
1362 4103 1641 4182 obsedit,
1688 4109 1757 4168 et
1819 4103 2224 4192 alienigenas
2291 4127 2717 4194 quoscunque
2776 4107 2923 4173 fau-

479 4209 787 4268 Excommu—
812 4217 989 4274 tores
1056 4209 1229 4297 regis
1276 4207 1322 4273 J
1325 4207 1605 4273 ohannis
1671 4207 2114 4294 apprehensos
2173 4209 2540 4276 suffocavit.
2635 4209 2920 4296 Ipsoque

480 4282 703 4334 nication
726 4285 785 4334 of

478 4349 635 4399 Loui·
656 4352 723 4415 by
814 4317 1127 4398 tempore,
1177 4308 1482 4376 dominus
1526 4331 1698 4396 papa
1744 4309 2112 4375 Gualonem
2157 4310 2450 4397 legatum
2494 4311 2568 4376 in
2598 4311 2918 4398 Angliam

482 4417 666 4506 Guaro,
688 4418 775 4468 the
815 4412 1201 4492 destinavit,
1249 4411 1329 4476 ad
1401 4415 1659 4498 partem
1702 4411 1903 4498 regis
1955 4419 2188 4479 contra
2230 4413 2512 4480 barones
2555 4415 2920 4496 tuendam3

476 4499 656 4616 ffgssg
815 4517 930 4604 qui
976 4515 1396 4581 Lodowicum
1462 4536 1611 4580 cum
1672 4513 1810 4579 suis
1872 4515 2242 4581 fautoribus
2303 4516 2917 4583 excommunicavit.

817 4617 1206 4686 Lodowicus
1250 4623 1475 4683 tamen
1520 4620 1592 4682 et
1652 4615 1930 4683 barones
1973 4617 2048 4682 in
2107 4623 2374 4685 tantum
2419 4620 2918 4707 praevaluerunt

814 4723 991 4812 quod
1036 4743 1154 4788 rex
1216 4743 1345 4808 quo
1390 4742 1459 4786 se
1504 4723 1798 4786 verteret
1839 4720 2201 4807 ignorabat.
2292 4721 2632 4790 Talionem
2677 4727 2910 4791 tamen
