3519 5734
847 821 976 884 312
1358 832 1783 882 ALEXANDER
1828 831 2045 882 ABBAs
2092 831 2425 892 QUARTUS.

508 1012 801 1068 A.D.1197
845 1003 1392 1090 praedecessorum
1483 1003 1689 1090 ipsius
1782 1002 2066 1080 Ricardi‚
2154 1001 2656 1090 praedecessores
2744 997 2953 1086 ipsius

505 1086 688 1134 4210.

524 2652 562 2702 f.
585 2655 648 2703 33
669 2650 714 2702 b.

845 1105 1110 1172 abbatis
1153 1105 1523 1172 Alexandri
1589 1127 1931 1192 nunquam
1992 1105 2465 1192 persolverunt.
2574 1102 2791 1168 Immo
2834 1121 2955 1187 pro

846 1209 1020 1274 bono
1065 1209 1245 1295 pacis
1288 1207 1394 1276 sui
1421 1207 1928 1297 praedecessores
1958 1209 2249 1295 aliquam
2293 1207 2591 1295 pecuniae
2632 1224 2955 1270 summam

848 1311 1326 1398 persolverunt,
1387 1312 1504 1377 sed
1567 1333 1911 1399 nunquam
1980 1311 2131 1398 plus
2190 1333 2327 1376 una
2371 1333 2593 1378 marca
2656 1307 2956 1394 argenti3

850 1419 920 1479 et
985 1415 1080 1480 sic
1141 1437 1183 1479 a
1247 1415 1676 1502 praestatione
1741 1415 2141 1480 decimarum
2208 1415 2466 1480 circiter
2532 1433 2689 1478 xxx.
2752 1430 2959 1475 annos

849 1517 1099 1582 fuimus
1143 1517 1471 1582 immunes
1517 1522 1587 1582 et
1633 1517 1859 1603 quieti.
1954 1517 2106 1604 Ipse
2150 1522 2379 1583 tamen
2422 1517 2629 1582 abbas
2672 1514 2962 1578 Alexan-

853 1617 1008 1698 der,¹
1059 1641 1176 1706 pro
1221 1625 1519 1706 tempore
1583 1642 1717 1697 suo,
1778 1641 2125 1704 nunquam
2192 1619 2275 1685 de
2334 1620 2540 1697 ¹terris
2584 1615 2961 1683 memoratis

851 1721 1145 1809 praefatae
1191 1721 1477 1787 ecclesiae
1507 1722 1855 1807 quicquam
1904 1721 2239 1808 persolvit.
2320 1721 2454 1786 Sed
2484 1743 2631 1787 cum
2676 1741 2959 1784 marcam

851 1824 1055 1900 illam,
1103 1845 1252 1910 quae
1297 1845 1416 1910 pro
1484 1825 1656 1889 bono
1702 1824 1897 1910 pacis,
1944 1830 2023 1890 ut
2074 1823 2433 1912 praefertur,
2482 1823 2654 1888 solvi
2700 1841 2964 1887 consue-

853 1931 1062 2006 verat,
1109 1925 1550 1992 servientibus
1595 1927 1861 2012 praefati
1908 1927 2172 1992 Ricardi
2220 1949 2394 1992 anno
2438 1927 2737 1992 nondum
2779 1947 2964 1990 revo-

852 2028 999 2104 luto
1043 2027 1201 2093 fecit
1247 2029 1482 2106 offerri,
1531 2029 1735 2096 iidem
1802 2031 2163 2096 servientes
2186 2030 2213 2067 ²
2280 2053 2423 2096 eam
2491 2029 2773 2116 recipere
2816 2049 2965 2093 con—

857 2135 1290 2217 tempserunt.
1383 2131 1817 2197 Postmodum
1879 2139 2120 2210 autem,
2184 2133 2357 2198 idem
2431 2131 2755 2196 Ricardus
2814 2151 2964 2195 cum

854 2255 1100 2320 magna
1185 2239 1586 2300 armatorum
1678 2235 2112 2301 multitudine
2200 2236 2571 2301 clausuram
2672 2233 2966 2321 grangiae

855 2343 1099 2403 nostrae
1169 2338 1250 2403 de
1320 2337 1605 2424 Mytona
1670 2339 2112 2404 irreverenter
2186 2337 2446 2425 irrupit,
2492 2342 2578 2416 et,
2658 2335 2966 2400 manibus

855 2439 1168 2505 violentis
1217 2441 1292 2505 in
1355 2441 1674 2526 quosdam
1741 2463 2089 2507 conversos
2150 2446 2219 2506 et
2278 2440 2647 2506 servientes
2705 2444 2969 2504 nostros

855 2541 1102 2608 ibidem
1125 2541 1152 2579 ³
1197 2542 1283 2608 ab
1352 2543 1598 2608 eisdem
1661 2543 2254 2632 praesumptoribus
2316 2543 2599 2630 injectis,
2644 2543 2727 2608 de
2770 2541 2967 2606 blado

857 2652 1084 2711 nostro
1145 2649 1232 2709 40
1300 2646 1724 2732 quadrigatas
1792 2653 1861 2712 et
1922 2652 2057 2712 tres
2130 2652 2491 2712 carectatas
2552 2644 2965 2733 asportavit.⁴

860 2747 1016 2812 Hiis
1089 2747 1188 2812 ita
1250 2748 1471 2833 gestiS,
1541 2749 1854 2814 accedens
1918 2749 2120 2814 abbas
2195 2749 2282 2814 ad
2348 2748 2722 2836 apostolicae
2794 2745 2971 2812 sedis

857 2850 1111 2939 legatos
1180 2872 1444 2916 causam
1509 2851 1722 2939 ipsam
1745 2850 1773 2887 ⁵
1842 2852 2150 2919 ostendit.
2266 2849 2293 2889 ⁶
2317 2851 2460 2940 Ipsi
2536 2874 2691 2939 ergo
2764 2849 2971 2938 legati

862 2976 1086 3020 omnes
1124 2954 1334 3020 dictos
1377 2960 1887 3043 praesumptores
1906 2953 1933 2991 ⁶
1977 2955 2424 3022 anathematis
2467 2954 2737 3021 vinculo
2779 2955 2971 3020 inno-

863 3054 1148 3122 darunt.⁷
1211 3056 1492 3135 Interea,
1537 3063 1689 3145 post
1733 3060 1979 3124 multas
2026 3058 2451 3145 allegationes
2471 3057 2498 3093 ³
2542 3062 2611 3123 et
2652 3078 2973 3145 expensas

863 3158 1196 3248 plurimas,
1243 3160 1517 3255 tandem
1561 3162 1742 3227 inter
1785 3160 1949 3227 nos⁹
1995 3167 2065 3227 et
2094 3163 2347 3227 dictum
2394 3161 2753 3227 Ricardum
2778 3158 2828 3197 ¹⁰
2869 3160 2975 3226 ita

863 3263 1190 3342 convenit,
1266 3264 1445 3350 quod
1503 3264 1680 3329 idem
1765 3264 2085 3329 Ricardus
2160 3252 2432 3330 bladum
2498 3269 2805 3329 nostrum
2878 3262 2973 3328 sic

865 3388 980 3454 per
1023 3366 1415 3433 violentiam
1460 3371 1888 3454 asportatum,
1950 3390 2066 3455 per
2124 3388 2452 3433 sacramen
2462 3372 2605 3431 tum
2650 3366 2973 3433 bonorum

865 3470 1160 3535 virorum
1191 3474 1516 3555 quantum
1564 3470 1968 3537 declaratum
2014 3470 2261 3547 fuisset,
2308 3469 2706 3537 monasterio
2750 3474 2973 3535 nostro

865 3572 1266 3652 restitueret,
1301 3578 1370 3638 et
1400 3594 1508 3639 eos
1539 3574 1790 3660 pariter
1820 3574 1936 3659 qui
1968 3572 2303 3639 violentiae
2332 3572 2663 3660 praedictae
2686 3568 2731 3608 ¹¹
2766 3572 2974 3637 inter-

867 3675 1140 3739 fuerunt
1169 3674 1254 3739 ad
1297 3675 1471 3741 fores
1516 3676 1905 3742 monasterii
1935 3677 2436 3755 transmitteret,
2470 3676 2678 3761 juxta
2706 3696 2974 3741 consue-

870 3776 1174 3843 tudinem
1207 3778 1458 3844 ordinis
1502 3778 1995 3845 satisfacturos:
2046 3779 2222 3865 quod
2266 3784 2333 3845 et
2370 3780 2618 3844 factum
2664 3783 2781 3844 est.
2872 3776 2974 3842 De

874 3878 1140 3945 decimis
1184 3886 1408 3947 autem
1454 3880 1632 3947 inter
1678 3904 1789 3948 eos
1810 3880 1863 3918 ¹²
1893 3882 1991 3947 ita
2036 3881 2361 3959 convenit,
2411 3880 2606 3969 quod,
2656 3880 2977 3967 quamdiu

931 4136 958 4167 ⁸¹
993 4134 1304 4201 Alexander]
1347 4102 1576 4200 vianting
1596 4136 1652 4185 in
1673 4136 1734 4187 1’.

943 4216 964 4245 ²
998 4214 1141 4265 iidem
1167 4213 1454 4279 servientes]
1495 4215 1726 4280 wanting
1747 4215 1803 4264 in
1822 4214 1881 4265 P.

945 4296 963 4324 ³
999 4293 1195 4359 ibidem]
1235 4300 1358 4343 tunc
1378 4293 1571 4344 ibidem
1594 4293 1883 4355 existentes,

1972 4137 2202 4202 protinus
2226 4150 2399 4187 omnes
2420 4135 2507 4201 qui
2530 4134 2827 4186 violentiam
2848 4134 2977 4186 fece·

2150 4218 2173 4243 2

1971 4216 2413 4363 rullti‘nlnodarunt]
2454 4295 2737 4355 innodavit,
2760 4293 2819 4344 P.

879 4372 939 4422 P.
2038 4377 2059 4405 ⁸
2090 4376 2243 4427 Aster
2264 4374 2575 4442 alleqationes
2608 4374 2783 4435 insert,
2806 4388 2974 4425 coram

947 4452 966 4481 ⁴
999 4450 1298 4517 asportavit]
1327 4452 1638 4516 absportavit
1675 4454 1730 4503 in
1757 4454 1886 4505 both
1964 4454 2223 4519 judicibus
2246 4455 2511 4520 delegatis,
2534 4454 2594 4504 1‘.

883 4531 1035 4583 MSS.
2038 4538 2057 4565 ⁹
2092 4536 2216 4583 inter
2240 4534 2350 4600 nos]
2390 4534 2603 4595 omitted
2624 4532 2677 4583 in
2699 4532 2763 4581 E.

949 4614 968 4641 ⁵
1001 4629 1200 4663 causam
1248 4612 1435 4680 ipsam]
1491 4582 1793 4664 violentiam
1838 4620 1889 4665 et

880 4691 1123 4758 injuriam
1145 4694 1290 4745 nobis
1311 4694 1521 4754 illatam,
1544 4694 1604 4744 P.

950 4774 972 4803 ⁸
1004 4772 1118 4838 Ipsi
1163 4810 1176 4825 .
1213 4812 1226 4825 .
1264 4812 1277 4825 .
1315 4774 1719 4840 prce-sumptores]
1784 4772 1886 4837 Qui

2037 4616 2073 4645 ¹⁰
2094 4622 2144 4665 et
2165 4651 2177 4664 .
2216 4652 2227 4663 .
2251 4613 2551 4678 Ricardum]
2578 4615 2806 4679 wanting
2828 4613 2880 4662 in
2903 4612 2965 4663 P.

2036 4695 2069 4725 ¹¹
2099 4693 2378 4759 proedictae]
2418 4694 2598 4756 eidem,
2622 4692 2683 4744 P.

2038 4774 2077 4805 ¹²
2105 4772 2210 4839 eos]
2250 4788 2357 4835 nos,
2380 4772 2441 4824 P.
