3519 5734
884 824 1013 887 408
1262 896 1269 903 ,
1424 832 1776 885 memus
1819 836 2034 885 AnsAs
2077 836 2428 887 ssrrmus.

548 1020 683 1070 ΛΑ).
714 1027 835 1073 1221
884 1015 1205 1102 assignati
1250 1014 1338 1079 ad
1381 1008 1844 1096 inquirendum
1895 1015 1952 1077 si
1997 1012 2214 1077 dictus
2253 1011 2462 1077 abbas
2490 1016 2714 1077 noster
2757 1012 2977 1075 Ricar-

548 1093 730 1139 -1235.

888 1119 1011 1184 dus
1070 1117 1324 1203 aliquid
1392 1120 1828 1200 occupaverat
1887 1116 2116 1203 magiS,
2163 1115 2234 1181 in
2286 1114 2451 1179 villa
2515 1119 2586 1181 et
2651 1113 2982 1179 territorio

889 1221 970 1285 de
1015 1219 1336 1307 Waghna‚
1384 1220 1468 1285 de
1514 1219 1707 1287 feodo
1762 1217 2229 1305 archiepiscopi
2289 1216 2738 1297 Eboracensis,
2791 1238 2986 1303 quam

890 1324 1053 1389 duas
1098 1328 1437 1389 carucatas
1480 1328 1697 1401 terrae,
1740 1342 1894 1386 cum
1943 1320 2246 1407 passagio
2289 1320 2372 1385 de
2419 1320 2627 1385 Hullo
2672 1324 2742 1385 et
2783 1318 2986 1405 perti-

890 1425 1137 1491 nentiis
1180 1424 1335 1491 suis.
1428 1425 1629 1493 Unde
1672 1422 2070 1509 inquisitum
2100 1428 2217 1501 est,
2249 1422 2335 1487 ad
2363 1422 2752 1488 instantiam
2783 1422 2985 1487 dicto-

890 1551 1039 1593 rum
1068 1523 1532 1616 archiepiscopi
1560 1532 1632 1594 et
1672 1525 1951 1604 abbatis,
1983 1547 2100 1612 per
2129 1529 2606 1591 sacramentum
2634 1522 2984 1611 proborum

892 1630 1236 1695 hominum
1280 1630 1365 1696 de
1408 1630 1702 1696 vicineto
1747 1628 1832 1694 de
1873 1627 2196 1717 Waghna.
2289 1626 2424 1708 Qui
2467 1630 2988 1714 recognoverunt

894 1732 1070 1819 quod
1144 1732 1662 1821 archiepiscopus
1736 1730 1878 1817 ipse
1939 1736 2010 1797 et
2077 1730 2582 1816 praedecessores
2655 1729 2762 1793 sui
2821 1727 2988 1793 nihil

894 1856 1189 1920 unquam
1273 1836 1485 1922 magis
1574 1834 1957 1899 habuerunt
2029 1832 2101 1898 in
2176 1832 2483 1919 Waghna
2554 1852 2752 1919 quam
2826 1830 2988 1895 duas

896 1942 1231 2001 carucatas
1274 1942 1487 2017 terrae,
1524 1958 1675 2002 cum
1718 1935 2021 2023 passagio
2051 1955 2241 2020 aquae
2284 1935 2366 2000 de
2398 1934 2625 2011 Hunc,
2655 1954 2806 1999 cum
2847 1954 2988 2019 per-

898 2039 1199 2103 tinentiis
1244 2040 1417 2121 suis;
1462 2060 1609 2126 quae
1669 2038 1822 2104 duae
1865 2041 2186 2103 carucatae
2227 2037 2406 2124 apud
2448 2037 2757 2122 antiquos
2800 2034 2992 2101 facie·

897 2142 1066 2207 bant
1126 2140 1289 2206 xxii.
1364 2142 1641 2208 bovatas
1704 2146 1918 2219 terrae,
1981 2146 2277 2227 tempore
2343 2160 2474 2225 quo
2535 2140 2732 2205 dictae
2797 2142 2990 2203 oerrae

901 2244 1128 2310 domui
1171 2248 1416 2311 nostrae
1466 2244 1740 2310 fuerunt
1801 2242 2058 2309 collatae
2093 2268 2112 2324 ;
2177 2246 2250 2307 et
2313 2242 2490 2329 quod
2567 2242 2903 2328 praedictae
2945 2244 2988 2305 2

902 2350 1223 2413 carucatae
1268 2352 1463 2414 terrae
1529 2346 1751 2411 minus
1795 2345 2046 2411 habent
2090 2366 2290 2431 quam
2334 2345 2496 2410 xxii.
2539 2344 2834 2421 bovataS,
2879 2365 2992 2430 per

904 2452 945 2515 4·
991 2470 1173 2515 acras
1218 2454 1287 2515 et
1330 2454 1466 2516 tres
1512 2454 1818 2535 stangas3
1861 2452 1932 2514 et
1977 2446 2156 2534 quod
2183 2446 2705 2534 archiepiscopus
2749 2446 2992 2511 Ebora-

904 2551 1115 2617 censis
1158 2551 1415 2617 nullum
1460 2551 1644 2617 aliud
1702 2550 1985 2629 feodum,
2047 2550 2227 2615 ultra
2269 2550 2432 2616 xxii.
2477 2549 2756 2617 bovatas
2803 2554 2991 2615 terrae

904 2653 1249 2741 praedictas
1294 2659 1364 2720 et
1405 2652 1785 2741 passagium
1830 2653 1912 2717 de
1974 2650 2182 2717 Hullo
2250 2674 2398 2717 cum
2444 2652 2877 2739 pertinentiis
2923 2652 2994 2715 iu

904 2756 1069 2822 villa
1111 2756 1427 2843 praedicta
1468 2777 1765 2842 unquam
1808 2754 2047 2820 habuit
2088 2754 2199 2820 vel
2243 2754 2482 2821 habere
2525 2755 2805 2820 deberet.
2893 2755 2994 2819 De

906 2883 1041 2945 qua
1112 2858 1357 2924 iterum
1430 2858 1900 2945 recognitione,
1977 2862 2272 2945 tempore
2347 2856 2666 2923 Willelmi
2739 2857 2998 2923 abbatis

912 2965 1015 3039 18,
1076 2965 1303 3047 postea
1360 2961 1697 3029 referetur,
1804 2960 1948 3026 Nec
2003 2960 2100 3024 sic
2161 2960 2429 3046 quidem
2491 2959 2997 3026 contentabatur

910 3062 1247 3128 Walter-us
1314 3063 1851 3149 archiepiscopus,
1898 3062 2014 3128 sed
2076 3063 2160 3128 de
2219 3061 2554 3148 praedictis
2600 3066 2640 3128 2
2685 3064 2996 3129 carucatis

911 3172 1109 3232 terrae
1153 3186 1275 3230 nos
1318 3166 1391 3229 in
1452 3187 1717 3231 causam
1763 3165 2087 3230 trahebat.
2151 3201 2166 3217 =
2179 3163 2381 3231 Unde
2441 3165 2698 3230 litteras
2740 3166 2996 3254 papales

910 3268 997 3334 ad
1052 3266 1459 3333 Willelmum
1526 3267 1902 3355 episcopum
1965 3267 2242 3334 Oestriae
2308 3273 2378 3334 et
2437 3269 2602 3334 alios
2661 3290 2812 3334 suos
2875 3268 2996 3334 col-

912 3372 1095 3456 legas
1155 3369 1279 3435 hac
1346 3392 1541 3435 causa
1606 3369 2010 3456 impetravit.
2121 3369 2274 3457 Ipse
2343 3374 2571 3436 autem
2637 3371 2997 3438 Willelmus

913 3472 1251 3558 episcopus
1293 3471 1512 3538 fuerat
1556 3471 1799 3538 sodalis
1855 3471 2061 3560 ipsius
2103 3473 2574 3562 archiepiscopi
2616 3473 2894 3540 Walteri
2929 3475 2998 3538 in

914 3573 1098 3638 curia
1142 3578 1210 3638 et
1255 3574 1448 3639 domo
1492 3575 1664 3661 regis
1706 3571 1756 3638 J
1758 3573 2038 3639 ohannis
2066 3575 2280 3640 multo
2309 3580 2620 3663 tempore.
2713 3577 2998 3663 Cumque

916 3674 1273 3762 praedictus
1354 3676 1894 3763 archiepiscopus,
1969 3676 2273 3761 quamvis
2347 3677 2566 3744 dictus
2640 3678 3000 3746 Willelmus

918 3777 1253 3865 episcopus
1296 3777 1368 3842 in
1412 3784 1738 3864 quantum
1782 3783 2046 3865 poterat
2091 3778 2152 3844 ei
2197 3777 2488 3846 favorem
2529 3781 2890 3861 adhiberet,
2931 3783 3000 3847 in

918 3881 1101 3945 curia
1142 3879 1645 3946 christianitatis
1696 3881 1865 3945 nihil
1922 3881 2233 3967 proficere
2273 3887 2508 3969 posset,
2551 3883 2828 3972 reliquit
2865 3907 3002 3950 eam

918 3987 990 4048 et
1032 3984 1244 4050 traxit
1272 4005 1393 4050 nos
1438 3983 1511 4048 in
1554 3983 1804 4049 curiam
1847 3985 2034 4072 regis.
2125 3985 2265 4051 Ubi
2293 4008 2442 4051 cum
2473 4007 2682 4066 causa,
2709 3988 3004 4075 langues·

920 4091 1108 4151 cente
1152 4091 1379 4152 nostro
1423 4087 1681 4166 abbate,
1724 4108 1842 4174 per
1884 4108 2136 4152 annum
2180 4087 2525 4174 ageretur,¹
2572 4094 2725 4178 post
2767 4089 3004 4155 multas

588 4182 877 4234 Unfavour·
921 4187 1388 4254 tribulationes
1482 4195 1551 4254 et
1644 4211 1982 4276 expensas,
2056 4188 2264 4255 abbas
2354 4192 2513 4277 ipse,
2585 4192 3004 4279 simplicitate

582 4249 697 4300 able
719 4265 853 4301 com-

585 4317 803 4380 position

923 4290 1177 4368 ductus,
1214 4290 1388 4375 juris
1430 4289 1699 4376 ignarus
1728 4297 1799 4356 et
1828 4299 2006 4356 metu
2054 4291 2192 4357 litis
2235 4294 2639 4379 perterrituS‚
2683 4301 3007 4360 conventu

586 4387 769 4446 agreed
789 4391 843 4436 ω
920 4396 1149 4456 nostro
1166 4390 1193 4426 ²
1259 4392 1528 4457 omnino
1589 4393 1985 4459 reclamante
2047 4401 2118 4460 et
2179 4396 2266 4460 ad
2324 4396 2544 4462 sedem
2587 4397 3008 4484 apostolicam

587 4449 657 4513 by
679 4451 766 4500 the

586 4517 751 4568 abbat.

922 4493 1315 4580 appellante,
1390 4494 1724 4579 quandam
1799 4498 2333 4583 compositionem
2401 4499 2782 4565 damnosam
2853 4501 3008 4566 iniit

989 4751 1006 4782 ¹
1040 4751 1290 4817 oyen-etur]
1328 4749 1617 4817 agitaretur,
1638 4751 1701 4804 P.
1961 4752 1973 4821 Ι
2083 4755 2105 4786 ²
2137 4753 2323 4820 nostro]
2361 4757 2586 4824 wanting
2607 4757 2662 4810 in
2683 4757 2744 4812 P.
