<?xml version="1.0" encoding="UTF-8"?>
<!DOCTYPE html PUBLIC "-//W3C//DTD XHTML 1.0 Transitional//EN"
    "http://www.w3.org/TR/xhtml1/DTD/xhtml1-transitional.dtd">
<html xmlns="http://www.w3.org/1999/xhtml" xml:lang="en" lang="en">
 <head>
  <title>
</title>
<meta http-equiv="Content-Type" content="text/html;charset=utf-8" />
  <meta name='ocr-system' content='tesseract 3.04.00' />
  <meta name='ocr-capabilities' content='ocr_page ocr_carea ocr_par ocr_line ocrx_word'/>
</head>
<body>
  <div class='ocr_page' id='page_1' title='image "./chronicamonaste00burtgoog_0391.png"; bbox 0 0 3519 5734; ppageno 0'>
   <div class='ocr_carea' id='block_1_1' title="bbox 809 827 2389 902">
    <p class='ocr_par' dir='ltr' id='par_1_1' title="bbox 809 827 2389 902">
     <span class='ocr_line' id='line_1_1' title="bbox 809 827 2389 902; baseline 0 -10"><span class='ocrx_word' id='word_1_1' title='bbox 809 827 939 894; x_wconf 82' lang='grc'><strong>298</strong></span> <span class='ocrx_word' id='word_1_2' title='bbox 1319 834 1748 892; x_wconf 67' lang='grc' dir='ltr'>ΔΒΕΧΔΝΒΕΒ</span> <span class='ocrx_word' id='word_1_3' title='bbox 1788 834 2013 890; x_wconf 74' lang='lat' dir='ltr'><strong>Anms</strong></span> <span class='ocrx_word' id='word_1_4' title='bbox 2054 835 2389 902; x_wconf 76' lang='lat' dir='ltr'><strong>QUARTUS.</strong></span> 
     </span>
    </p>
   </div>
   <div class='ocr_carea' id='block_1_2' title="bbox 468 1013 2916 3880">
    <p class='ocr_par' dir='ltr' id='par_1_2' title="bbox 468 1013 2913 1618">
     <span class='ocr_line' id='line_1_2' title="bbox 471 1013 2909 1103; baseline 0.004 -30"><span class='ocrx_word' id='word_1_5' title='bbox 471 1020 611 1084; x_wconf 57' lang='grc' dir='ltr'><strong>ΑΛ).</strong></span> <span class='ocrx_word' id='word_1_6' title='bbox 643 1025 767 1076; x_wconf 82' lang='lat'>1197</span> <span class='ocrx_word' id='word_1_7' title='bbox 811 1013 934 1084; x_wconf 90' lang='lat' dir='ltr'><strong>hoc</strong></span> <span class='ocrx_word' id='word_1_8' title='bbox 977 1038 1020 1084; x_wconf 90' lang='lat' dir='ltr'><strong>a</strong></span> <span class='ocrx_word' id='word_1_9' title='bbox 1078 1015 1231 1082; x_wconf 86' lang='lat' dir='ltr'><strong>sede</strong></span> <span class='ocrx_word' id='word_1_10' title='bbox 1275 1013 1635 1102; x_wconf 86' lang='lat' dir='ltr'><strong>apostolica</strong></span> <span class='ocrx_word' id='word_1_11' title='bbox 1677 1014 1765 1080; x_wconf 81' lang='lat' dir='ltr'><strong>ad</strong></span> <span class='ocrx_word' id='word_1_12' title='bbox 1816 1013 2077 1102; x_wconf 87' lang='lat' dir='ltr'><strong>judices</strong></span> <span class='ocrx_word' id='word_1_13' title='bbox 2138 1015 2475 1103; x_wconf 84' lang='lat' dir='ltr'><strong>delegatos</strong></span> <span class='ocrx_word' id='word_1_14' title='bbox 2516 1014 2909 1102; x_wconf 87' lang='lat' dir='ltr'><strong>impetratis,</strong></span> 
     </span>
     <span class='ocr_line' id='line_1_3' title="bbox 468 1094 2913 1219; baseline 0.001 -37"><span class='ocrx_word' id='word_1_15' title='bbox 468 1094 684 1219; x_wconf 40' lang='lat' dir='ltr'><strong>’Eizmh</strong></span> <span class='ocrx_word' id='word_1_16' title='bbox 812 1119 1023 1187; x_wconf 84' lang='lat' dir='ltr'><strong>traxit</strong></span> <span class='ocrx_word' id='word_1_17' title='bbox 1066 1141 1218 1186; x_wconf 89' lang='lat' dir='ltr'><strong>eum</strong></span> <span class='ocrx_word' id='word_1_18' title='bbox 1261 1116 1466 1185; x_wconf 84' lang='lat' dir='ltr'><strong>abbas</strong></span> <span class='ocrx_word' id='word_1_19' title='bbox 1512 1121 1738 1184; x_wconf 87' lang='lat' dir='ltr'><strong>noster</strong></span> <span class='ocrx_word' id='word_1_20' title='bbox 1781 1116 1857 1182; x_wconf 92' lang='lat' dir='ltr'><strong>in</strong></span> <span class='ocrx_word' id='word_1_21' title='bbox 1901 1139 2206 1200; x_wconf 85' lang='lat' dir='ltr'><strong>causam3</strong></span> <span class='ocrx_word' id='word_1_22' title='bbox 2252 1119 2431 1185; x_wconf 90' lang='lat' dir='ltr'><strong>unde</strong></span> <span class='ocrx_word' id='word_1_23' title='bbox 2450 1117 2471 1158; x_wconf 88' lang='lat'>¹</span> <span class='ocrx_word' id='word_1_24' title='bbox 2526 1118 2667 1185; x_wconf 89' lang='lat' dir='ltr'><strong>litis</strong></span> <span class='ocrx_word' id='word_1_25' title='bbox 2710 1118 2913 1184; x_wconf 85' lang='lat' dir='ltr'><strong>alter-</strong></span> 
     </span>
     <span class='ocr_line' id='line_1_4' title="bbox 474 1178 2909 1316; baseline 0 -30"><span class='ocrx_word' id='word_1_26' title='bbox 474 1178 753 1316; x_wconf 55' lang='grc' dir='ltr'><strong>ιειξιιιῗέηὲῃ</strong></span> <span class='ocrx_word' id='word_1_27' title='bbox 812 1223 985 1288; x_wconf 87' lang='lat' dir='ltr'><strong>catio</strong></span> <span class='ocrx_word' id='word_1_28' title='bbox 1030 1243 1246 1288; x_wconf 87' lang='lat' dir='ltr'><strong>coram</strong></span> <span class='ocrx_word' id='word_1_29' title='bbox 1297 1220 1641 1308; x_wconf 86' lang='lat' dir='ltr'><strong>judicibus</strong></span> <span class='ocrx_word' id='word_1_30' title='bbox 1664 1217 1692 1254; x_wconf 76' lang='lat'>²</span> <span class='ocrx_word' id='word_1_31' title='bbox 1735 1219 1871 1286; x_wconf 88' lang='lat' dir='ltr'><strong>fere</strong></span> <span class='ocrx_word' id='word_1_32' title='bbox 1940 1241 2057 1307; x_wconf 87' lang='lat' dir='ltr'><strong>per</strong></span> <span class='ocrx_word' id='word_1_33' title='bbox 2098 1219 2445 1287; x_wconf 83' lang='lat' dir='ltr'><strong>biennium</strong></span> <span class='ocrx_word' id='word_1_34' title='bbox 2506 1219 2909 1310; x_wconf 72' lang='lat' dir='ltr'><strong>perduravit.</strong></span> 
     </span>
     <span class='ocr_line' id='line_1_5' title="bbox 475 1303 2911 1436; baseline 0.001 -46"><span class='ocrx_word' id='word_1_35' title='bbox 475 1303 607 1436; x_wconf 53' lang='lat'><strong>{32¹</strong></span> <span class='ocrx_word' id='word_1_36' title='bbox 631 1313 736 1434; x_wconf 44' lang='grc' dir='ltr'><strong>Ψί-</strong></span> <span class='ocrx_word' id='word_1_37' title='bbox 809 1324 1122 1408; x_wconf 83' lang='lat' dir='ltr'><strong>Tandem,</strong></span> <span class='ocrx_word' id='word_1_38' title='bbox 1189 1330 1338 1413; x_wconf 87' lang='lat' dir='ltr'><strong>post</strong></span> <span class='ocrx_word' id='word_1_39' title='bbox 1407 1323 1653 1390; x_wconf 86' lang='lat' dir='ltr'><strong>multos</strong></span> <span class='ocrx_word' id='word_1_40' title='bbox 1719 1323 1981 1390; x_wconf 83' lang='lat' dir='ltr'><strong>labores</strong></span> <span class='ocrx_word' id='word_1_41' title='bbox 2044 1328 2115 1390; x_wconf 90' lang='lat' dir='ltr'><strong>et</strong></span> <span class='ocrx_word' id='word_1_42' title='bbox 2190 1345 2511 1412; x_wconf 81' lang='lat' dir='ltr'><strong>expensae</strong></span> <span class='ocrx_word' id='word_1_43' title='bbox 2574 1326 2911 1414; x_wconf 75' lang='lat' dir='ltr'><strong>plurimae,</strong></span> 
     </span>
     <span class='ocr_line' id='line_1_6' title="bbox 471 1397 2912 1516; baseline 0.001 -22"><span class='ocrx_word' id='word_1_44' title='bbox 471 1397 694 1504; x_wconf 46' lang='lat' dir='ltr'><strong>ampo.</strong></span> <span class='ocrx_word' id='word_1_45' title='bbox 811 1449 925 1514; x_wconf 90' lang='lat' dir='ltr'><strong>per</strong></span> <span class='ocrx_word' id='word_1_46' title='bbox 969 1450 1262 1494; x_wconf 88' lang='lat' dir='ltr'><strong>annuam</strong></span> <span class='ocrx_word' id='word_1_47' title='bbox 1331 1428 1714 1516; x_wconf 76' lang='lat' dir='ltr'><strong>pensionem</strong></span> <span class='ocrx_word' id='word_1_48' title='bbox 1733 1424 1762 1462; x_wconf 75' lang='lat'><strong>⁸</strong></span> <span class='ocrx_word' id='word_1_49' title='bbox 1806 1426 2013 1492; x_wconf 88' lang='lat' dir='ltr'><strong>trium</strong></span> <span class='ocrx_word' id='word_1_50' title='bbox 2060 1449 2431 1494; x_wconf 88' lang='lat' dir='ltr'><strong>marcarum</strong></span> <span class='ocrx_word' id='word_1_51' title='bbox 2495 1429 2701 1496; x_wconf 87' lang='lat' dir='ltr'><strong>abbas</strong></span> <span class='ocrx_word' id='word_1_52' title='bbox 2760 1451 2912 1496; x_wconf 90' lang='lat' dir='ltr'><strong>nos-</strong></span> 
     </span>
     <span class='ocr_line' id='line_1_7' title="bbox 809 1528 2911 1618; baseline 0 -20"><span class='ocrx_word' id='word_1_53' title='bbox 809 1536 912 1598; x_wconf 87' lang='lat' dir='ltr'><strong>ter</strong></span> <span class='ocrx_word' id='word_1_54' title='bbox 929 1528 956 1567; x_wconf 80' lang='lat'><strong>⁴</strong></span> <span class='ocrx_word' id='word_1_55' title='bbox 1001 1553 1150 1598; x_wconf 91' lang='lat' dir='ltr'><strong>cum</strong></span> <span class='ocrx_word' id='word_1_56' title='bbox 1217 1551 1294 1596; x_wconf 91' lang='lat' dir='ltr'><strong>eo</strong></span> <span class='ocrx_word' id='word_1_57' title='bbox 1352 1531 1368 1558; x_wconf 70' lang='grc'><strong>“</strong></span> <span class='ocrx_word' id='word_1_58' title='bbox 1390 1530 1466 1594; x_wconf 91' lang='lat' dir='ltr'><strong>in</strong></span> <span class='ocrx_word' id='word_1_59' title='bbox 1528 1528 1819 1618; x_wconf 87' lang='lat' dir='ltr'><strong>capitulo</strong></span> <span class='ocrx_word' id='word_1_60' title='bbox 1876 1533 2103 1596; x_wconf 87' lang='lat' dir='ltr'><strong>nostro</strong></span> <span class='ocrx_word' id='word_1_61' title='bbox 2122 1528 2142 1560; x_wconf 87' lang='lat'><strong><em>‘</em></strong></span> <span class='ocrx_word' id='word_1_62' title='bbox 2160 1528 2187 1568; x_wconf 74' lang='lat'><strong>⁶</strong></span> <span class='ocrx_word' id='word_1_63' title='bbox 2254 1552 2483 1618; x_wconf 86' lang='lat' dir='ltr'><strong>pacem</strong></span> <span class='ocrx_word' id='word_1_64' title='bbox 2546 1532 2719 1610; x_wconf 83' lang='lat' dir='ltr'><strong>fecit,</strong></span> <span class='ocrx_word' id='word_1_65' title='bbox 2766 1533 2911 1598; x_wconf 91' lang='lat' dir='ltr'><strong>red-</strong></span> 
     </span>
    </p>

    <p class='ocr_par' dir='ltr' id='par_1_3' title="bbox 811 1631 2913 1721">
     <span class='ocr_line' id='line_1_8' title="bbox 811 1631 2913 1721; baseline 0 -22"><span class='ocrx_word' id='word_1_66' title='bbox 811 1634 1029 1702; x_wconf 89' lang='lat' dir='ltr'><strong>dendo</strong></span> <span class='ocrx_word' id='word_1_67' title='bbox 1071 1633 1276 1701; x_wconf 89' lang='lat' dir='ltr'><strong>etiam</strong></span> <span class='ocrx_word' id='word_1_68' title='bbox 1320 1633 1605 1700; x_wconf 86' lang='lat' dir='ltr'><strong>decimas</strong></span> <span class='ocrx_word' id='word_1_69' title='bbox 1674 1631 1959 1698; x_wconf 88' lang='lat' dir='ltr'><strong>duarum</strong></span> <span class='ocrx_word' id='word_1_70' title='bbox 2004 1636 2464 1700; x_wconf 76' lang='lat' dir='ltr'><strong>carucatarum</strong></span> <span class='ocrx_word' id='word_1_71' title='bbox 2508 1639 2703 1702; x_wconf 80' lang='lat' dir='ltr'><strong>terrae</strong></span> <span class='ocrx_word' id='word_1_72' title='bbox 2746 1657 2913 1721; x_wconf 83' lang='lat' dir='ltr'><strong>quas</strong></span> 
     </span>
    </p>

    <p class='ocr_par' dir='ltr' id='par_1_4' title="bbox 808 1733 2913 1926">
     <span class='ocr_line' id='line_1_9' title="bbox 809 1733 2913 1823; baseline 0 -22"><span class='ocrx_word' id='word_1_73' title='bbox 809 1735 892 1804; x_wconf 89' lang='lat' dir='ltr'><strong>de</strong></span> <span class='ocrx_word' id='word_1_74' title='bbox 949 1736 1434 1823; x_wconf 86' lang='lat' dir='ltr'><strong>archiepiscopo</strong></span> <span class='ocrx_word' id='word_1_75' title='bbox 1451 1733 1479 1772; x_wconf 79' lang='lat'>⁰</span> <span class='ocrx_word' id='word_1_76' title='bbox 1523 1734 1859 1816; x_wconf 83' lang='lat' dir='ltr'><strong>evicimus,</strong></span> <span class='ocrx_word' id='word_1_77' title='bbox 1922 1735 1979 1800; x_wconf 92' lang='lat' dir='ltr'><strong>si</strong></span> <span class='ocrx_word' id='word_1_78' title='bbox 2024 1739 2253 1802; x_wconf 87' lang='lat' dir='ltr'><strong>tamen</strong></span> <span class='ocrx_word' id='word_1_79' title='bbox 2314 1737 2570 1823; x_wconf 85' lang='lat' dir='ltr'><strong>aliquid</strong></span> <span class='ocrx_word' id='word_1_80' title='bbox 2634 1759 2721 1804; x_wconf 85' lang='lat' dir='ltr'><strong>ex</strong></span> <span class='ocrx_word' id='word_1_81' title='bbox 2782 1735 2913 1802; x_wconf 90' lang='lat' dir='ltr'><strong>illis</strong></span> 
     </span>
     <span class='ocr_line' id='line_1_10' title="bbox 808 1836 2912 1926; baseline -0 -21"><span class='ocrx_word' id='word_1_82' title='bbox 808 1839 1086 1926; x_wconf 88' lang='lat' dir='ltr'><strong>propriis</strong></span> <span class='ocrx_word' id='word_1_83' title='bbox 1147 1837 1452 1903; x_wconf 87' lang='lat' dir='ltr'><strong>manibus</strong></span> <span class='ocrx_word' id='word_1_84' title='bbox 1517 1842 1636 1903; x_wconf 89' lang='lat' dir='ltr'><strong>aut</strong></span> <span class='ocrx_word' id='word_1_85' title='bbox 1695 1836 2075 1923; x_wconf 71' lang='lat' dir='ltr'><strong>sumptibus</strong></span> <span class='ocrx_word' id='word_1_86' title='bbox 2121 1838 2477 1906; x_wconf 86' lang='lat' dir='ltr'><strong>coleremus</strong></span> <span class='ocrx_word' id='word_1_87' title='bbox 2498 1865 2517 1921; x_wconf 90' lang='lat'>;</span> <span class='ocrx_word' id='word_1_88' title='bbox 2540 1838 2566 1875; x_wconf 83' lang='lat'>⁷</span> <span class='ocrx_word' id='word_1_89' title='bbox 2613 1839 2912 1926; x_wconf 78' lang='lat' dir='ltr'><strong>plurimis</strong></span> 
     </span>
    </p>

    <p class='ocr_par' dir='ltr' id='par_1_5' title="bbox 807 1939 2910 2029">
     <span class='ocr_line' id='line_1_11' title="bbox 807 1939 2910 2029; baseline 0 -22"><span class='ocrx_word' id='word_1_90' title='bbox 807 1947 1032 2008; x_wconf 86' lang='lat' dir='ltr'><strong>tamen</strong></span> <span class='ocrx_word' id='word_1_91' title='bbox 1105 1941 1444 2007; x_wconf 86' lang='lat' dir='ltr'><strong>monachis</strong></span> <span class='ocrx_word' id='word_1_92' title='bbox 1518 1939 1910 2006; x_wconf 74' lang='lat' dir='ltr'><strong>absentibus</strong></span> <span class='ocrx_word' id='word_1_93' title='bbox 1986 1945 2057 2006; x_wconf 92' lang='lat' dir='ltr'><strong>et</strong></span> <span class='ocrx_word' id='word_1_94' title='bbox 2132 1942 2438 2028; x_wconf 87' lang='lat' dir='ltr'><strong>plurimis</strong></span> <span class='ocrx_word' id='word_1_95' title='bbox 2514 1964 2556 2008; x_wconf 86' lang='lat' dir='ltr'><strong>a</strong></span> <span class='ocrx_word' id='word_1_96' title='bbox 2622 1942 2910 2029; x_wconf 89' lang='lat' dir='ltr'><strong>capitulo</strong></span> 
     </span>
    </p>

    <p class='ocr_par' dir='ltr' id='par_1_6' title="bbox 809 2041 2909 2132">
     <span class='ocr_line' id='line_1_12' title="bbox 809 2041 2909 2132; baseline 0 -22"><span class='ocrx_word' id='word_1_97' title='bbox 809 2066 878 2110; x_wconf 93' lang='lat' dir='ltr'><strong>se</strong></span> <span class='ocrx_word' id='word_1_98' title='bbox 922 2042 1414 2111; x_wconf 88' lang='lat' dir='ltr'><strong>retrahentibus</strong></span> <span class='ocrx_word' id='word_1_99' title='bbox 1460 2044 1531 2108; x_wconf 89' lang='lat' dir='ltr'><strong>et</strong></span> <span class='ocrx_word' id='word_1_100' title='bbox 1581 2041 2125 2123; x_wconf 86' lang='lat' dir='ltr'><strong>reclamantibus,</strong></span> <span class='ocrx_word' id='word_1_101' title='bbox 2180 2045 2294 2110; x_wconf 89' lang='lat' dir='ltr'><strong>sed</strong></span> <span class='ocrx_word' id='word_1_102' title='bbox 2354 2044 2534 2131; x_wconf 89' lang='lat' dir='ltr'><strong>prius</strong></span> <span class='ocrx_word' id='word_1_103' title='bbox 2548 2043 2575 2082; x_wconf 61' lang='grc' dir='ltr'><strong><em>Β</em></strong></span> <span class='ocrx_word' id='word_1_104' title='bbox 2619 2045 2690 2110; x_wconf 92' lang='lat' dir='ltr'><strong>in</strong></span> <span class='ocrx_word' id='word_1_105' title='bbox 2735 2044 2909 2132; x_wconf 86' lang='lat' dir='ltr'><strong>capi-</strong></span> 
     </span>
    </p>

    <p class='ocr_par' dir='ltr' id='par_1_7' title="bbox 807 2144 2914 2337">
     <span class='ocr_line' id='line_1_13' title="bbox 809 2144 2911 2234; baseline 0 -22"><span class='ocrx_word' id='word_1_106' title='bbox 809 2147 953 2214; x_wconf 86' lang='lat' dir='ltr'><strong>tulo</strong></span> <span class='ocrx_word' id='word_1_107' title='bbox 1027 2145 1515 2234; x_wconf 70' lang='lat' dir='ltr'><strong>appellantibus</strong></span> <span class='ocrx_word' id='word_1_108' title='bbox 1583 2149 1654 2210; x_wconf 92' lang='lat' dir='ltr'><strong>et</strong></span> <span class='ocrx_word' id='word_1_109' title='bbox 1715 2165 1933 2212; x_wconf 85' lang='lat' dir='ltr'><strong>coram</strong></span> <span class='ocrx_word' id='word_1_110' title='bbox 2002 2144 2146 2233; x_wconf 90' lang='lat' dir='ltr'><strong>ipso</strong></span> <span class='ocrx_word' id='word_1_111' title='bbox 2214 2146 2461 2213; x_wconf 86' lang='lat' dir='ltr'><strong>abbate</strong></span> <span class='ocrx_word' id='word_1_112' title='bbox 2528 2146 2911 2214; x_wconf 84' lang='lat' dir='ltr'><strong>Alexandro</strong></span> 
     </span>
     <span class='ocr_line' id='line_1_14' title="bbox 807 2245 2914 2337; baseline -0.001 -19"><span class='ocrx_word' id='word_1_113' title='bbox 807 2248 1316 2337; x_wconf 84' lang='lat' dir='ltr'><strong>appellationem</strong></span> <span class='ocrx_word' id='word_1_114' title='bbox 1361 2246 1779 2314; x_wconf 84' lang='lat' dir='ltr'><strong>iterantibus.</strong></span> <span class='ocrx_word' id='word_1_115' title='bbox 1870 2245 1939 2314; x_wconf 86' lang='lat' dir='ltr'>N</span> <span class='ocrx_word' id='word_1_116' title='bbox 1942 2269 2013 2314; x_wconf 89' lang='lat' dir='ltr'><strong>ec</strong></span> <span class='ocrx_word' id='word_1_117' title='bbox 2043 2247 2397 2334; x_wconf 89' lang='lat' dir='ltr'><strong>quicquam</strong></span> <span class='ocrx_word' id='word_1_118' title='bbox 2427 2249 2619 2314; x_wconf 91' lang='lat' dir='ltr'><strong>nobis</strong></span> <span class='ocrx_word' id='word_1_119' title='bbox 2662 2249 2914 2336; x_wconf 90' lang='lat' dir='ltr'><strong>profuit</strong></span> 
     </span>
    </p>

    <p class='ocr_par' dir='ltr' id='par_1_8' title="bbox 807 2349 2913 2543">
     <span class='ocr_line' id='line_1_15' title="bbox 809 2349 2909 2440; baseline 0 -22"><span class='ocrx_word' id='word_1_120' title='bbox 809 2353 1004 2440; x_wconf 90' lang='lat' dir='ltr'><strong>quod,</strong></span> <span class='ocrx_word' id='word_1_121' title='bbox 1051 2355 1348 2439; x_wconf 84' lang='lat' dir='ltr'><strong>tempore</strong></span> <span class='ocrx_word' id='word_1_122' title='bbox 1401 2349 1955 2438; x_wconf 75' lang='lat' dir='ltr'><strong>praedecessorum</strong></span> <span class='ocrx_word' id='word_1_123' title='bbox 2004 2371 2275 2418; x_wconf 90' lang='lat' dir='ltr'><strong>suorum</strong></span> <span class='ocrx_word' id='word_1_124' title='bbox 2323 2350 2394 2418; x_wconf 90' lang='lat' dir='ltr'><strong>P.</strong></span> <span class='ocrx_word' id='word_1_125' title='bbox 2426 2351 2490 2419; x_wconf 85' lang='lat' dir='ltr'><strong>S.</strong></span> <span class='ocrx_word' id='word_1_126' title='bbox 2538 2357 2609 2418; x_wconf 88' lang='lat' dir='ltr'><strong>et</strong></span> <span class='ocrx_word' id='word_1_127' title='bbox 2653 2351 2909 2440; x_wconf 87' lang='lat' dir='ltr'><strong>Rogeri,</strong></span> 
     </span>
     <span class='ocr_line' id='line_1_16' title="bbox 807 2450 2913 2543; baseline 0 -21"><span class='ocrx_word' id='word_1_128' title='bbox 807 2475 1233 2543; x_wconf 85' lang='lat' dir='ltr'><strong>personarum</strong></span> <span class='ocrx_word' id='word_1_129' title='bbox 1291 2453 1580 2520; x_wconf 73' lang='lat' dir='ltr'><strong>ecclesiae</strong></span> <span class='ocrx_word' id='word_1_130' title='bbox 1639 2450 1723 2518; x_wconf 91' lang='lat' dir='ltr'><strong>de</strong></span> <span class='ocrx_word' id='word_1_131' title='bbox 1792 2450 2146 2540; x_wconf 80' lang='lat' dir='ltr'><strong>Waghna‚⁹</strong></span> <span class='ocrx_word' id='word_1_132' title='bbox 2212 2474 2331 2540; x_wconf 91' lang='lat' dir='ltr'><strong>per</strong></span> <span class='ocrx_word' id='word_1_133' title='bbox 2391 2475 2685 2522; x_wconf 87' lang='lat' dir='ltr'><strong>annuam</strong></span> <span class='ocrx_word' id='word_1_134' title='bbox 2750 2476 2913 2542; x_wconf 88' lang='lat' dir='ltr'><strong>pen-</strong></span> 
     </span>
    </p>

    <p class='ocr_par' dir='ltr' id='par_1_9' title="bbox 807 2555 2912 2643">
     <span class='ocr_line' id='line_1_17' title="bbox 807 2555 2912 2643; baseline -0.001 -18"><span class='ocrx_word' id='word_1_135' title='bbox 807 2561 1056 2626; x_wconf 90' lang='lat' dir='ltr'><strong>sionem</strong></span> <span class='ocrx_word' id='word_1_136' title='bbox 1083 2555 1134 2594; x_wconf 87' lang='lat'><strong>¹⁰</strong></span> <span class='ocrx_word' id='word_1_137' title='bbox 1177 2557 1464 2622; x_wconf 86' lang='lat' dir='ltr'><strong>duarum</strong></span> <span class='ocrx_word' id='word_1_138' title='bbox 1509 2555 1835 2620; x_wconf 89' lang='lat' dir='ltr'><strong>librarum</strong></span> <span class='ocrx_word' id='word_1_139' title='bbox 1882 2575 2049 2622; x_wconf 83' lang='lat' dir='ltr'><strong>cerae</strong></span> <span class='ocrx_word' id='word_1_140' title='bbox 2103 2575 2326 2622; x_wconf 88' lang='lat' dir='ltr'><strong>coram</strong></span> <span class='ocrx_word' id='word_1_141' title='bbox 2368 2555 2710 2643; x_wconf 88' lang='lat' dir='ltr'><strong>judicibus</strong></span> <span class='ocrx_word' id='word_1_142' title='bbox 2741 2557 2912 2622; x_wconf 90' lang='lat' dir='ltr'><strong>dele-</strong></span> 
     </span>
    </p>

    <p class='ocr_par' dir='ltr' id='par_1_10' title="bbox 806 2659 2913 2751">
     <span class='ocr_line' id='line_1_18' title="bbox 806 2659 2913 2751; baseline -0.001 -22"><span class='ocrx_word' id='word_1_143' title='bbox 806 2662 982 2751; x_wconf 85' lang='lat' dir='ltr'><strong>gatis</strong></span> <span class='ocrx_word' id='word_1_144' title='bbox 1026 2660 1415 2748; x_wconf 88' lang='lat' dir='ltr'><strong>compositio</strong></span> <span class='ocrx_word' id='word_1_145' title='bbox 1459 2659 1634 2724; x_wconf 85' lang='lat' dir='ltr'><strong>&#39;mita</strong></span> <span class='ocrx_word' id='word_1_146' title='bbox 1691 2663 1796 2724; x_wconf 89' lang='lat' dir='ltr'><strong>est</strong></span> <span class='ocrx_word' id='word_1_147' title='bbox 1862 2659 2040 2724; x_wconf 88' lang='lat' dir='ltr'><strong>inter</strong></span> <span class='ocrx_word' id='word_1_148' title='bbox 2091 2660 2565 2726; x_wconf 88' lang='lat' dir='ltr'><strong>monasterium</strong></span> <span class='ocrx_word' id='word_1_149' title='bbox 2608 2665 2913 2728; x_wconf 88' lang='lat' dir='ltr'><strong>nostrum</strong></span> 
     </span>
    </p>

    <p class='ocr_par' dir='ltr' id='par_1_11' title="bbox 681 2761 2913 2955">
     <span class='ocr_line' id='line_1_19' title="bbox 681 2761 2913 2852; baseline 0 -22"><span class='ocrx_word' id='word_1_150' title='bbox 681 2811 684 2817; x_wconf 82' lang='lat'>·</span> <span class='ocrx_word' id='word_1_151' title='bbox 809 2769 878 2830; x_wconf 88' lang='lat' dir='ltr'><strong>et</strong></span> <span class='ocrx_word' id='word_1_152' title='bbox 931 2763 1276 2852; x_wconf 72' lang='lat' dir='ltr'><strong>praefatam</strong></span> <span class='ocrx_word' id='word_1_153' title='bbox 1337 2761 1690 2840; x_wconf 85' lang='lat' dir='ltr'><strong>ecclesiam,</strong></span> <span class='ocrx_word' id='word_1_154' title='bbox 1743 2766 1895 2826; x_wconf 90' lang='lat' dir='ltr'><strong>tum</strong></span> <span class='ocrx_word' id='word_1_155' title='bbox 1956 2761 2114 2846; x_wconf 88' lang='lat' dir='ltr'><strong>quia</strong></span> <span class='ocrx_word' id='word_1_156' title='bbox 2165 2767 2461 2850; x_wconf 87' lang='lat' dir='ltr'><strong>tempore</strong></span> <span class='ocrx_word' id='word_1_157' title='bbox 2507 2764 2670 2831; x_wconf 91' lang='lat' dir='ltr'><strong>dicti</strong></span> <span class='ocrx_word' id='word_1_158' title='bbox 2712 2765 2913 2830; x_wconf 82' lang='lat' dir='ltr'><strong>Alex-</strong></span> 
     </span>
     <span class='ocr_line' id='line_1_20' title="bbox 809 2862 2911 2955; baseline 0 -22"><span class='ocrx_word' id='word_1_159' title='bbox 809 2867 1004 2933; x_wconf 89' lang='lat' dir='ltr'><strong>andri</strong></span> <span class='ocrx_word' id='word_1_160' title='bbox 1047 2865 1312 2932; x_wconf 86' lang='lat' dir='ltr'><strong>abbatis</strong></span> <span class='ocrx_word' id='word_1_161' title='bbox 1332 2862 1378 2901; x_wconf 84' lang='lat'><strong>¹¹</strong></span> <span class='ocrx_word' id='word_1_162' title='bbox 1429 2863 1697 2930; x_wconf 89' lang='lat' dir='ltr'><strong>ecclesia</strong></span> <span class='ocrx_word' id='word_1_163' title='bbox 1740 2863 2116 2951; x_wconf 88' lang='lat' dir='ltr'><strong>Anglicana</strong></span> <span class='ocrx_word' id='word_1_164' title='bbox 2159 2864 2516 2934; x_wconf 88' lang='lat' dir='ltr'><strong>interdicto</strong></span> <span class='ocrx_word' id='word_1_165' title='bbox 2560 2874 2704 2935; x_wconf 87' lang='lat' dir='ltr'><strong>erat</strong></span> <span class='ocrx_word' id='word_1_166' title='bbox 2760 2890 2911 2955; x_wconf 90' lang='lat' dir='ltr'><strong>sup-</strong></span> 
     </span>
    </p>

    <p class='ocr_par' dir='ltr' id='par_1_12' title="bbox 810 2967 2913 3059">
     <span class='ocr_line' id='line_1_21' title="bbox 810 2967 2913 3059; baseline 0 -23"><span class='ocrx_word' id='word_1_167' title='bbox 810 2970 1029 3059; x_wconf 89' lang='lat' dir='ltr'><strong>posita</strong></span> <span class='ocrx_word' id='word_1_168' title='bbox 1071 2975 1141 3036; x_wconf 91' lang='lat' dir='ltr'><strong>et</strong></span> <span class='ocrx_word' id='word_1_169' title='bbox 1185 2990 1378 3041; x_wconf 85' lang='lat' dir='ltr'><strong>omne</strong></span> <span class='ocrx_word' id='word_1_170' title='bbox 1413 2968 1526 3055; x_wconf 86' lang='lat' dir='ltr'><strong>jus</strong></span> <span class='ocrx_word' id='word_1_171' title='bbox 1563 2967 2075 3034; x_wconf 87' lang='lat' dir='ltr'><strong>ecclesiasticum</strong></span> <span class='ocrx_word' id='word_1_172' title='bbox 2121 2974 2267 3035; x_wconf 84' lang='lat' dir='ltr'><strong>erat</strong></span> <span class='ocrx_word' id='word_1_173' title='bbox 2310 2971 2714 3057; x_wconf 85' lang='lat' dir='ltr'><strong>languidum,</strong></span> <span class='ocrx_word' id='word_1_174' title='bbox 2760 2975 2913 3037; x_wconf 91' lang='lat' dir='ltr'><strong>tum</strong></span> 
     </span>
    </p>

    <p class='ocr_par' dir='ltr' id='par_1_13' title="bbox 677 3071 2915 3363">
     <span class='ocr_line' id='line_1_22' title="bbox 677 3071 2913 3161; baseline 0.001 -24"><span class='ocrx_word' id='word_1_175' title='bbox 677 3128 686 3137; x_wconf 94' lang='lat'><strong>.</strong></span> <span class='ocrx_word' id='word_1_176' title='bbox 811 3074 968 3161; x_wconf 90' lang='lat' dir='ltr'><strong>quia</strong></span> <span class='ocrx_word' id='word_1_177' title='bbox 1018 3073 1158 3160; x_wconf 88' lang='lat' dir='ltr'><strong>ipse</strong></span> <span class='ocrx_word' id='word_1_178' title='bbox 1203 3071 1549 3158; x_wconf 88' lang='lat' dir='ltr'><strong>Philippus</strong></span> <span class='ocrx_word' id='word_1_179' title='bbox 1600 3074 1839 3156; x_wconf 87' lang='lat' dir='ltr'><strong>potens</strong></span> <span class='ocrx_word' id='word_1_180' title='bbox 1886 3075 2029 3136; x_wconf 86' lang='lat' dir='ltr'><strong>erat</strong></span> <span class='ocrx_word' id='word_1_181' title='bbox 2076 3076 2145 3137; x_wconf 90' lang='lat' dir='ltr'><strong>et</strong></span> <span class='ocrx_word' id='word_1_182' title='bbox 2191 3073 2584 3139; x_wconf 86' lang='lat' dir='ltr'><strong>senescallus</strong></span> <span class='ocrx_word' id='word_1_183' title='bbox 2632 3074 2913 3157; x_wconf 77' lang='lat' dir='ltr'><strong>comitiS,</strong></span> 
     </span>
     <span class='ocr_line' id='line_1_23' title="bbox 809 3172 2912 3263; baseline 0 -20"><span class='ocrx_word' id='word_1_184' title='bbox 809 3177 979 3243; x_wconf 90' lang='lat' dir='ltr'><strong>sicut</strong></span> <span class='ocrx_word' id='word_1_185' title='bbox 1031 3176 1176 3263; x_wconf 87' lang='lat' dir='ltr'><strong>jam</strong></span> <span class='ocrx_word' id='word_1_186' title='bbox 1243 3175 1498 3240; x_wconf 89' lang='lat' dir='ltr'><strong>dictum</strong></span> <span class='ocrx_word' id='word_1_187' title='bbox 1563 3179 1679 3238; x_wconf 91' lang='lat' dir='ltr'><strong>est.</strong></span> <span class='ocrx_word' id='word_1_188' title='bbox 1794 3172 1897 3239; x_wconf 89' lang='lat' dir='ltr'><strong>De</strong></span> <span class='ocrx_word' id='word_1_189' title='bbox 1958 3173 2219 3239; x_wconf 84' lang='lat' dir='ltr'><strong>damnis</strong></span> <span class='ocrx_word' id='word_1_190' title='bbox 2279 3197 2436 3243; x_wconf 87' lang='lat' dir='ltr'><strong>vero</strong></span> <span class='ocrx_word' id='word_1_191' title='bbox 2496 3180 2567 3242; x_wconf 91' lang='lat' dir='ltr'><strong>et</strong></span> <span class='ocrx_word' id='word_1_192' title='bbox 2611 3178 2912 3263; x_wconf 83' lang='lat' dir='ltr'><strong>expensis</strong></span> 
     </span>
     <span class='ocr_line' id='line_1_24' title="bbox 807 3274 2915 3363; baseline 0 -18"><span class='ocrx_word' id='word_1_193' title='bbox 807 3278 1143 3345; x_wconf 87' lang='lat' dir='ltr'><strong>occasione</strong></span> <span class='ocrx_word' id='word_1_194' title='bbox 1185 3275 1385 3363; x_wconf 87' lang='lat' dir='ltr'><strong>hujus</strong></span> <span class='ocrx_word' id='word_1_195' title='bbox 1429 3274 1895 3341; x_wconf 68' lang='lat' dir='ltr'><strong>controversiae</strong></span> <span class='ocrx_word' id='word_1_196' title='bbox 1924 3276 2313 3343; x_wconf 85' lang='lat' dir='ltr'><strong>altrinsecus</strong></span> <span class='ocrx_word' id='word_1_197' title='bbox 2353 3277 2561 3345; x_wconf 90' lang='lat' dir='ltr'><strong>illatis</strong></span> <span class='ocrx_word' id='word_1_198' title='bbox 2606 3280 2915 3345; x_wconf 87' lang='lat' dir='ltr'><strong>convenit</strong></span> 
     </span>
    </p>

    <p class='ocr_par' dir='ltr' id='par_1_14' title="bbox 809 3374 2913 3471">
     <span class='ocr_line' id='line_1_25' title="bbox 809 3374 2913 3471; baseline 0.001 -24"><span class='ocrx_word' id='word_1_199' title='bbox 809 3382 983 3447; x_wconf 91' lang='lat' dir='ltr'><strong>inter</strong></span> <span class='ocrx_word' id='word_1_200' title='bbox 1026 3384 1249 3468; x_wconf 88' lang='lat' dir='ltr'><strong>partes</strong></span> <span class='ocrx_word' id='word_1_201' title='bbox 1304 3378 1482 3465; x_wconf 92' lang='lat' dir='ltr'><strong>quod</strong></span> <span class='ocrx_word' id='word_1_202' title='bbox 1529 3376 1696 3443; x_wconf 90' lang='lat' dir='ltr'><strong>dicti</strong></span> <span class='ocrx_word' id='word_1_203' title='bbox 1720 3374 1771 3414; x_wconf 76' lang='lat'><strong>¹²</strong></span> <span class='ocrx_word' id='word_1_204' title='bbox 1824 3376 2029 3443; x_wconf 88' lang='lat' dir='ltr'><strong>abbas</strong></span> <span class='ocrx_word' id='word_1_205' title='bbox 2074 3384 2144 3445; x_wconf 91' lang='lat' dir='ltr'><strong>et</strong></span> <span class='ocrx_word' id='word_1_206' title='bbox 2198 3380 2541 3468; x_wconf 87' lang='lat' dir='ltr'><strong>Philippus</strong></span> <span class='ocrx_word' id='word_1_207' title='bbox 2592 3382 2913 3471; x_wconf 87' lang='lat' dir='ltr'><strong>eligerent</strong></span> 
     </span>
    </p>

    <p class='ocr_par' dir='ltr' id='par_1_15' title="bbox 807 3479 2914 3571">
     <span class='ocr_line' id='line_1_26' title="bbox 807 3479 2914 3571; baseline 0 -21"><span class='ocrx_word' id='word_1_208' title='bbox 807 3488 944 3550; x_wconf 90' lang='lat' dir='ltr'><strong>tres</strong></span> <span class='ocrx_word' id='word_1_209' title='bbox 989 3481 1294 3559; x_wconf 88' lang='lat' dir='ltr'><strong>arbitros,</strong></span> <span class='ocrx_word' id='word_1_210' title='bbox 1339 3479 1674 3547; x_wconf 91' lang='lat' dir='ltr'><strong>communi</strong></span> <span class='ocrx_word' id='word_1_211' title='bbox 1723 3499 2063 3561; x_wconf 85' lang='lat' dir='ltr'><strong>consensu,</strong></span> <span class='ocrx_word' id='word_1_212' title='bbox 2118 3481 2239 3567; x_wconf 91' lang='lat' dir='ltr'><strong>qui</strong></span> <span class='ocrx_word' id='word_1_213' title='bbox 2298 3483 2645 3569; x_wconf 89' lang='lat' dir='ltr'><strong>utriusque</strong></span> <span class='ocrx_word' id='word_1_214' title='bbox 2702 3485 2914 3571; x_wconf 89' lang='lat' dir='ltr'><strong>partis</strong></span> 
     </span>
    </p>

    <p class='ocr_par' dir='ltr' id='par_1_16' title="bbox 809 3582 2916 3880">
     <span class='ocr_line' id='line_1_27' title="bbox 809 3582 2914 3675; baseline 0 -23"><span class='ocrx_word' id='word_1_215' title='bbox 809 3606 1005 3673; x_wconf 91' lang='lat' dir='ltr'><strong>super</strong></span> <span class='ocrx_word' id='word_1_216' title='bbox 1047 3584 1180 3649; x_wconf 90' lang='lat' dir='ltr'><strong>hiis</strong></span> <span class='ocrx_word' id='word_1_217' title='bbox 1225 3587 1430 3651; x_wconf 88' lang='lat' dir='ltr'><strong>testes</strong></span> <span class='ocrx_word' id='word_1_218' title='bbox 1475 3582 1931 3661; x_wconf 88' lang='lat' dir='ltr'><strong>admitterent,</strong></span> <span class='ocrx_word' id='word_1_219' title='bbox 1978 3587 2065 3663; x_wconf 88' lang='lat' dir='ltr'><strong>et,</strong></span> <span class='ocrx_word' id='word_1_220' title='bbox 2114 3583 2360 3651; x_wconf 87' lang='lat' dir='ltr'><strong>auditis</strong></span> <span class='ocrx_word' id='word_1_221' title='bbox 2405 3606 2629 3651; x_wconf 90' lang='lat' dir='ltr'><strong>eorum</strong></span> <span class='ocrx_word' id='word_1_222' title='bbox 2672 3586 2914 3675; x_wconf 85' lang='lat' dir='ltr'><strong>allega-</strong></span> 
     </span>
     <span class='ocr_line' id='line_1_28' title="bbox 809 3685 2916 3771; baseline 0 -17"><span class='ocrx_word' id='word_1_223' title='bbox 809 3687 1104 3755; x_wconf 86' lang='lat' dir='ltr'><strong>tionibus</strong></span> <span class='ocrx_word' id='word_1_224' title='bbox 1165 3692 1234 3753; x_wconf 92' lang='lat' dir='ltr'><strong>et</strong></span> <span class='ocrx_word' id='word_1_225' title='bbox 1297 3685 1687 3763; x_wconf 85' lang='lat' dir='ltr'><strong>rationibus,</strong></span> <span class='ocrx_word' id='word_1_226' title='bbox 1751 3705 2019 3749; x_wconf 87' lang='lat' dir='ltr'><strong>causam</strong></span> <span class='ocrx_word' id='word_1_227' title='bbox 2076 3685 2334 3771; x_wconf 88' lang='lat' dir='ltr'><strong>judicio</strong></span> <span class='ocrx_word' id='word_1_228' title='bbox 2393 3688 2501 3753; x_wconf 88' lang='lat' dir='ltr'><strong>vel</strong></span> <span class='ocrx_word' id='word_1_229' title='bbox 2567 3689 2916 3757; x_wconf 84' lang='lat' dir='ltr'><strong>concordia</strong></span> 
     </span>
     <span class='ocr_line' id='line_1_29' title="bbox 809 3784 2915 3880; baseline -0 -23"><span class='ocrx_word' id='word_1_230' title='bbox 809 3790 1262 3857; x_wconf 86' lang='lat' dir='ltr'><strong>terminarent.</strong></span> <span class='ocrx_word' id='word_1_231' title='bbox 1357 3788 1491 3855; x_wconf 85' lang='lat' dir='ltr'><strong>Sed</strong></span> <span class='ocrx_word' id='word_1_232' title='bbox 1564 3786 1764 3873; x_wconf 86' lang='lat' dir='ltr'><strong>hujus</strong></span> <span class='ocrx_word' id='word_1_233' title='bbox 1832 3807 2043 3853; x_wconf 86' lang='lat' dir='ltr'><strong>causae</strong></span> <span class='ocrx_word' id='word_1_234' title='bbox 2066 3784 2115 3823; x_wconf 78' lang='lat'><strong>¹³</strong></span> <span class='ocrx_word' id='word_1_235' title='bbox 2180 3789 2399 3856; x_wconf 83' lang='lat' dir='ltr'><strong>exitus</strong></span> <span class='ocrx_word' id='word_1_236' title='bbox 2474 3790 2743 3877; x_wconf 86' lang='lat' dir='ltr'><strong>penitus</strong></span> <span class='ocrx_word' id='word_1_237' title='bbox 2816 3793 2915 3880; x_wconf 86' lang='lat' dir='ltr'><strong>ig-</strong></span> 
     </span>
    </p>
   </div>
   <div class='ocr_carea' id='block_1_3' title="bbox 809 3887 2915 3981">
    <p class='ocr_par' dir='ltr' id='par_1_17' title="bbox 809 3887 2915 3981">
     <span class='ocr_line' id='line_1_30' title="bbox 809 3887 2915 3981; baseline 0.001 -22"><span class='ocrx_word' id='word_1_238' title='bbox 809 3899 1098 3959; x_wconf 89' lang='lat' dir='ltr'><strong>noratur.</strong></span> <span class='ocrx_word' id='word_1_239' title='bbox 1220 3892 1352 3957; x_wconf 89' lang='lat' dir='ltr'><strong>Sed</strong></span> <span class='ocrx_word' id='word_1_240' title='bbox 1427 3894 1652 3956; x_wconf 88' lang='lat' dir='ltr'><strong>tamen</strong></span> <span class='ocrx_word' id='word_1_241' title='bbox 1743 3892 1973 3976; x_wconf 88' lang='lat' dir='ltr'><strong>postea</strong></span> <span class='ocrx_word' id='word_1_242' title='bbox 1993 3887 2044 3926; x_wconf 81' lang='lat'><strong>¹⁴</strong></span> <span class='ocrx_word' id='word_1_243' title='bbox 2118 3890 2439 3978; x_wconf 87' lang='lat' dir='ltr'><strong>praedicta</strong></span> <span class='ocrx_word' id='word_1_244' title='bbox 2528 3894 2915 3981; x_wconf 88' lang='lat' dir='ltr'><strong>compositio</strong></span> 
     </span>
    </p>
   </div>
   <div class='ocr_carea' id='block_1_4' title="bbox 1634 4040 1836 4047">
    <p class='ocr_par' dir='ltr' id='par_1_18' title="bbox 1634 4040 1836 4047">
     <span class='ocr_line' id='line_1_31' title="bbox 1634 4040 1836 4047; baseline 0 1687"><span class='ocrx_word' id='word_1_245' title='bbox 1634 4040 1836 4047; x_wconf 95' lang='lat' dir='ltr'><strong> </strong></span> 
     </span>
    </p>
   </div>
   <div class='ocr_carea' id='block_1_5' title="bbox 1839 4040 2142 4047">
    <p class='ocr_par' dir='ltr' id='par_1_19' title="bbox 1839 4040 2142 4047">
     <span class='ocr_line' id='line_1_32' title="bbox 1839 4040 2142 4047; baseline 0 1687"><span class='ocrx_word' id='word_1_246' title='bbox 1839 4040 2142 4047; x_wconf 95' lang='lat' dir='ltr'><strong> </strong></span> 
     </span>
    </p>
   </div>
   <div class='ocr_carea' id='block_1_6' title="bbox 2203 4042 2498 4050">
    <p class='ocr_par' dir='ltr' id='par_1_20' title="bbox 2203 4042 2498 4050">
     <span class='ocr_line' id='line_1_33' title="bbox 2203 4042 2498 4050; baseline 0.007 -2"><span class='ocrx_word' id='word_1_247' title='bbox 2203 4043 2356 4049; x_wconf 44' lang='grc' dir='ltr'><strong>...ζ</strong></span> <span class='ocrx_word' id='word_1_248' title='bbox 2373 4042 2498 4050; x_wconf 81' lang='lat'>——--</span> 
     </span>
    </p>
   </div>
   <div class='ocr_carea' id='block_1_7' title="bbox 2509 4045 2910 4055">
    <p class='ocr_par' dir='ltr' id='par_1_21' title="bbox 2509 4045 2910 4055">
     <span class='ocr_line' id='line_1_34' title="bbox 2509 4045 2910 4055; baseline 0 1679"><span class='ocrx_word' id='word_1_249' title='bbox 2509 4045 2910 4055; x_wconf 95' lang='lat' dir='ltr'><strong> </strong></span> 
     </span>
    </p>
   </div>
   <div class='ocr_carea' id='block_1_8' title="bbox 873 4113 2913 4423">
    <p class='ocr_par' dir='ltr' id='par_1_22' title="bbox 873 4113 2908 4263">
     <span class='ocr_line' id='line_1_35' title="bbox 877 4113 2908 4187; baseline 0 -19"><span class='ocrx_word' id='word_1_250' title='bbox 877 4121 890 4150; x_wconf 87' lang='lat'>¹</span> <span class='ocrx_word' id='word_1_251' title='bbox 927 4116 1078 4185; x_wconf 81' lang='lat' dir='ltr'><strong>unde]</strong></span> <span class='ocrx_word' id='word_1_252' title='bbox 1107 4132 1219 4183; x_wconf 80' lang='lat' dir='ltr'><strong>quoe</strong></span> <span class='ocrx_word' id='word_1_253' title='bbox 1242 4116 1460 4183; x_wconf 82' lang='lat' dir='ltr'><strong>quidem,</strong></span> <span class='ocrx_word' id='word_1_254' title='bbox 1484 4113 1547 4165; x_wconf 89' lang='lat' dir='ltr'><strong>P.</strong></span> <span class='ocrx_word' id='word_1_255' title='bbox 1974 4114 1995 4143; x_wconf 78' lang='lat'><strong>⁹</strong></span> <span class='ocrx_word' id='word_1_256' title='bbox 2020 4130 2339 4179; x_wconf 71' lang='lat' dir='ltr'><strong>personarum</strong></span> <span class='ocrx_word' id='word_1_257' title='bbox 2384 4152 2397 4167; x_wconf 90' lang='lat'><strong>.</strong></span> <span class='ocrx_word' id='word_1_258' title='bbox 2452 4152 2463 4167; x_wconf 91' lang='lat'><strong>.</strong></span> <span class='ocrx_word' id='word_1_259' title='bbox 2514 4150 2527 4165; x_wconf 86' lang='lat'><strong>.</strong></span> <span class='ocrx_word' id='word_1_260' title='bbox 2580 4152 2595 4168; x_wconf 91' lang='lat'><strong>.</strong></span> <span class='ocrx_word' id='word_1_261' title='bbox 2654 4116 2908 4187; x_wconf 73' lang='lat' dir='ltr'><strong>Waqlma]</strong></span> 
     </span>
     <span class='ocr_line' id='line_1_36' title="bbox 873 4191 2295 4263; baseline 0 -16"><span class='ocrx_word' id='word_1_262' title='bbox 873 4200 894 4229; x_wconf 82' lang='lat'><strong>²</strong></span> <span class='ocrx_word' id='word_1_263' title='bbox 925 4214 1088 4247; x_wconf 82' lang='lat' dir='ltr'><strong>coram</strong></span> <span class='ocrx_word' id='word_1_264' title='bbox 1100 4195 1382 4263; x_wconf 72' lang='lat' dir='ltr'><strong>judicibus]</strong></span> <span class='ocrx_word' id='word_1_265' title='bbox 1409 4193 1637 4259; x_wconf 74' lang='lat' dir='ltr'><strong>wanting</strong></span> <span class='ocrx_word' id='word_1_266' title='bbox 1657 4191 1714 4243; x_wconf 90' lang='lat' dir='ltr'><strong>in</strong></span> <span class='ocrx_word' id='word_1_267' title='bbox 1736 4192 1797 4243; x_wconf 91' lang='lat' dir='ltr'><strong>P.</strong></span> <span class='ocrx_word' id='word_1_268' title='bbox 1909 4194 2138 4259; x_wconf 79' lang='lat' dir='ltr'><strong>wanting</strong></span> <span class='ocrx_word' id='word_1_269' title='bbox 2158 4194 2213 4243; x_wconf 87' lang='lat' dir='ltr'><strong>in</strong></span> <span class='ocrx_word' id='word_1_270' title='bbox 2234 4194 2295 4247; x_wconf 88' lang='lat' dir='ltr'><strong>P.</strong></span> 
     </span>
    </p>

    <p class='ocr_par' dir='ltr' id='par_1_23' title="bbox 877 4272 2714 4342">
     <span class='ocr_line' id='line_1_37' title="bbox 877 4272 2714 4342; baseline 0.002 -17"><span class='ocrx_word' id='word_1_271' title='bbox 877 4279 898 4307; x_wconf 84' lang='lat'>⁸</span> <span class='ocrx_word' id='word_1_272' title='bbox 919 4272 1223 4342; x_wconf 76' lang='lat' dir='ltr'><strong>pensionem]</strong></span> <span class='ocrx_word' id='word_1_273' title='bbox 1251 4288 1513 4331; x_wconf 82' lang='lat' dir='ltr'><strong>canonem,</strong></span> <span class='ocrx_word' id='word_1_274' title='bbox 1535 4272 1595 4321; x_wconf 90' lang='lat' dir='ltr'><strong>P.</strong></span> <span class='ocrx_word' id='word_1_275' title='bbox 1974 4274 2011 4303; x_wconf 88' lang='lat'><strong>¹⁰</strong></span> <span class='ocrx_word' id='word_1_276' title='bbox 2040 4273 2341 4341; x_wconf 74' lang='lat' dir='ltr'><strong>pensionem]</strong></span> <span class='ocrx_word' id='word_1_277' title='bbox 2366 4290 2631 4339; x_wconf 83' lang='lat' dir='ltr'><strong>canonem,</strong></span> <span class='ocrx_word' id='word_1_278' title='bbox 2652 4277 2714 4328; x_wconf 90' lang='lat' dir='ltr'><strong>P.</strong></span> 
     </span>
    </p>

    <p class='ocr_par' dir='ltr' id='par_1_24' title="bbox 876 4352 2913 4423">
     <span class='ocr_line' id='line_1_38' title="bbox 876 4352 2913 4423; baseline 0.002 -19"><span class='ocrx_word' id='word_1_279' title='bbox 876 4356 893 4385; x_wconf 87' lang='lat'><strong>⁴</strong></span> <span class='ocrx_word' id='word_1_280' title='bbox 929 4355 1116 4421; x_wconf 64' lang='lat' dir='ltr'><strong>neuster]</strong></span> <span class='ocrx_word' id='word_1_281' title='bbox 1143 4354 1368 4419; x_wconf 78' lang='lat' dir='ltr'><strong>wanting</strong></span> <span class='ocrx_word' id='word_1_282' title='bbox 1389 4352 1443 4401; x_wconf 90' lang='lat' dir='ltr'><strong>in</strong></span> <span class='ocrx_word' id='word_1_283' title='bbox 1465 4352 1524 4413; x_wconf 89' lang='lat' dir='ltr'><strong>P.</strong></span> <span class='ocrx_word' id='word_1_284' title='bbox 1974 4353 2007 4383; x_wconf 82' lang='lat'><strong>¹¹</strong></span> <span class='ocrx_word' id='word_1_285' title='bbox 2045 4360 2249 4418; x_wconf 75' lang='lat' dir='ltr'><strong>tempore</strong></span> <span class='ocrx_word' id='word_1_286' title='bbox 2266 4388 2281 4405; x_wconf 93' lang='lat'><strong>.</strong></span> <span class='ocrx_word' id='word_1_287' title='bbox 2315 4389 2330 4404; x_wconf 91' lang='lat'><strong>.</strong></span> <span class='ocrx_word' id='word_1_288' title='bbox 2361 4391 2373 4404; x_wconf 94' lang='lat'><strong>.</strong></span> <span class='ocrx_word' id='word_1_289' title='bbox 2397 4353 2620 4423; x_wconf 55' lang='lat' dir='ltr'><strong>abbans]</strong></span> <span class='ocrx_word' id='word_1_290' title='bbox 2642 4362 2767 4407; x_wconf 82' lang='lat' dir='ltr'><strong>tunc</strong></span> <span class='ocrx_word' id='word_1_291' title='bbox 2788 4362 2913 4408; x_wconf 76' lang='lat' dir='ltr'><strong>tem·</strong></span> 
     </span>
    </p>
   </div>
   <div class='ocr_carea' id='block_1_9' title="bbox 742 4428 2914 4827">
    <p class='ocr_par' dir='ltr' id='par_1_25' title="bbox 742 4428 2914 4827">
     <span class='ocr_line' id='line_1_39' title="bbox 875 4428 2139 4499; baseline 0 -16"><span class='ocrx_word' id='word_1_292' title='bbox 875 4436 896 4464; x_wconf 78' lang='lat'>⁸</span> <span class='ocrx_word' id='word_1_293' title='bbox 930 4435 980 4483; x_wconf 81' lang='lat' dir='ltr'><strong>in</strong></span> <span class='ocrx_word' id='word_1_294' title='bbox 1003 4430 1219 4499; x_wconf 75' lang='lat' dir='ltr'><strong>capitulo</strong></span> <span class='ocrx_word' id='word_1_295' title='bbox 1231 4430 1420 4497; x_wconf 73' lang='lat' dir='ltr'><strong>nostro]</strong></span> <span class='ocrx_word' id='word_1_296' title='bbox 1439 4429 1666 4495; x_wconf 77' lang='lat' dir='ltr'><strong>wanting</strong></span> <span class='ocrx_word' id='word_1_297' title='bbox 1683 4428 1738 4479; x_wconf 86' lang='lat' dir='ltr'><strong>in</strong></span> <span class='ocrx_word' id='word_1_298' title='bbox 1752 4429 1815 4480; x_wconf 91' lang='lat' dir='ltr'><strong>P·</strong></span> <span class='ocrx_word' id='word_1_299' title='bbox 1902 4430 2055 4495; x_wconf 80' lang='lat' dir='ltr'><strong>poris,</strong></span> <span class='ocrx_word' id='word_1_300' title='bbox 2076 4431 2139 4483; x_wconf 84' lang='lat' dir='ltr'><strong>P.</strong></span> 
     </span>
     <span class='ocr_line' id='line_1_40' title="bbox 874 4508 2597 4579; baseline 0.001 -15"><span class='ocrx_word' id='word_1_301' title='bbox 874 4516 894 4545; x_wconf 81' lang='lat'><em>⁰</em></span> <span class='ocrx_word' id='word_1_302' title='bbox 927 4511 1316 4579; x_wconf 69' lang='lat' dir='ltr'><strong>archiepiscopo]</strong></span> <span class='ocrx_word' id='word_1_303' title='bbox 1377 4510 1582 4561; x_wconf 83' lang='lat' dir='ltr'><strong>domino</strong></span> <span class='ocrx_word' id='word_1_304' title='bbox 1623 4510 1815 4561; x_wconf 78' lang='lat' dir='ltr'><strong>Ebora·</strong></span> <span class='ocrx_word' id='word_1_305' title='bbox 1972 4511 2008 4540; x_wconf 77' lang='lat'><strong>¹²</strong></span> <span class='ocrx_word' id='word_1_306' title='bbox 2042 4508 2187 4577; x_wconf 71' lang='lat' dir='ltr'><strong>dicta]</strong></span> <span class='ocrx_word' id='word_1_307' title='bbox 2214 4512 2440 4579; x_wconf 73' lang='lat' dir='ltr'><strong>wanting</strong></span> <span class='ocrx_word' id='word_1_308' title='bbox 2462 4512 2515 4563; x_wconf 87' lang='lat' dir='ltr'><strong>in</strong></span> <span class='ocrx_word' id='word_1_309' title='bbox 2536 4512 2597 4565; x_wconf 91' lang='lat' dir='ltr'><strong>P.</strong></span> 
     </span>
     <span class='ocr_line' id='line_1_41' title="bbox 810 4590 2433 4658; baseline -0.002 -13"><span class='ocrx_word' id='word_1_310' title='bbox 810 4593 966 4657; x_wconf 81' lang='lat' dir='ltr'><strong>censi,</strong></span> <span class='ocrx_word' id='word_1_311' title='bbox 989 4592 1050 4642; x_wconf 90' lang='lat' dir='ltr'><strong>P.</strong></span> <span class='ocrx_word' id='word_1_312' title='bbox 1972 4590 2010 4621; x_wconf 80' lang='lat'><strong>¹⁸</strong></span> <span class='ocrx_word' id='word_1_313' title='bbox 2040 4592 2231 4658; x_wconf 72' lang='lat' dir='ltr'><strong>caum]</strong></span> <span class='ocrx_word' id='word_1_314' title='bbox 2256 4592 2345 4654; x_wconf 86' lang='lat' dir='ltr'><strong>rei,</strong></span> <span class='ocrx_word' id='word_1_315' title='bbox 2368 4592 2433 4643; x_wconf 89' lang='lat' dir='ltr'><strong>P.</strong></span> 
     </span>
     <span class='ocr_line' id='line_1_42' title="bbox 875 4668 2914 4737; baseline -0.004 -13"><span class='ocrx_word' id='word_1_316' title='bbox 875 4676 894 4703; x_wconf 86' lang='lat'><strong>‘¹</strong></span> <span class='ocrx_word' id='word_1_317' title='bbox 926 4670 1208 4737; x_wconf 76' lang='lat' dir='ltr'><strong>coleremus]</strong></span> <span class='ocrx_word' id='word_1_318' title='bbox 1235 4668 1618 4733; x_wconf 80' lang='lat' dir='ltr'><strong>excoluerimus,</strong></span> <span class='ocrx_word' id='word_1_319' title='bbox 1637 4668 1697 4721; x_wconf 91' lang='lat' dir='ltr'><strong>P.</strong></span> <span class='ocrx_word' id='word_1_320' title='bbox 1972 4670 2008 4699; x_wconf 77' lang='lat'><strong>¹⁴</strong></span> <span class='ocrx_word' id='word_1_321' title='bbox 2032 4670 2235 4737; x_wconf 71' lang='lat' dir='ltr'><strong>postca]</strong></span> <span class='ocrx_word' id='word_1_322' title='bbox 2292 4676 2514 4737; x_wconf 81' lang='lat' dir='ltr'><strong>tempore</strong></span> <span class='ocrx_word' id='word_1_323' title='bbox 2554 4673 2749 4727; x_wconf 84' lang='lat' dir='ltr'><strong>domini</strong></span> <span class='ocrx_word' id='word_1_324' title='bbox 2782 4674 2914 4729; x_wconf 79' lang='lat' dir='ltr'><strong>Wil-</strong></span> 
     </span>
     <span class='ocr_line' id='line_1_43' title="bbox 742 4747 2433 4827; baseline 0.001 -24"><span class='ocrx_word' id='word_1_325' title='bbox 742 4816 752 4827; x_wconf 49' lang='grc'><em>.</em></span> <span class='ocrx_word' id='word_1_326' title='bbox 873 4756 894 4783; x_wconf 82' lang='lat'>⁸</span> <span class='ocrx_word' id='word_1_327' title='bbox 921 4752 1100 4821; x_wconf 68' lang='lat' dir='ltr'><strong>prius]</strong></span> <span class='ocrx_word' id='word_1_328' title='bbox 1128 4757 1293 4815; x_wconf 72' lang='lat' dir='ltr'><strong>antea,</strong></span> <span class='ocrx_word' id='word_1_329' title='bbox 1313 4749 1374 4803; x_wconf 86' lang='lat' dir='ltr'><strong>P.</strong></span> <span class='ocrx_word' id='word_1_330' title='bbox 1904 4747 2064 4801; x_wconf 82' lang='lat' dir='ltr'><strong>lielmi</strong></span> <span class='ocrx_word' id='word_1_331' title='bbox 2084 4748 2281 4805; x_wconf 74' lang='lat' dir='ltr'><strong>abbatis</strong></span> <span class='ocrx_word' id='word_1_332' title='bbox 2302 4755 2349 4811; x_wconf 83' lang='lat'><strong>9,</strong></span> <span class='ocrx_word' id='word_1_333' title='bbox 2373 4750 2433 4805; x_wconf 87' lang='grc' dir='ltr'><strong>Ρ.</strong></span> 
     </span>
    </p>
   </div>
   <div class='ocr_carea' id='block_1_10' title="bbox 3434 3826 3444 4558">
    <p class='ocr_par' dir='ltr' id='par_1_26' title="bbox 3434 3826 3444 4558">
     <span class='ocr_line' id='line_1_44' title="bbox 3434 3826 3444 4558; baseline 0 0"><span class='ocrx_word' id='word_1_334' title='bbox 3434 3826 3444 4558; x_wconf 95' lang='lat' dir='ltr'><strong> </strong></span> 
     </span>
    </p>
   </div>
  </div>
 </body>
</html>
