3519 5734
863 837 994 904 290
1376 845 1804 900 smmum
1846 845 2066 900 ansas
2110 845 2451 910 omarus.

524 1024 818 1078 A.D.1197
864 1027 1154 1116 grangiae
1227 1046 1446 1093 secum
1511 1027 1813 1117 acceptis,
1886 1027 2063 1092 ultra
2125 1026 2419 1092 Turones
2486 1046 2639 1092 eum
2712 1023 2967 1111 reperit,

524 1097 704 1146 421⁰.

861 1129 996 1196 toti
1021 1128 1430 1217 Andegaviae
1475 1133 1546 1196 et
1589 1129 1990 1197 exercitibus
2016 1129 2190 1218 regis
2238 1127 2507 1194 Ricardi
2550 1129 2626 1193 in
2671 1127 2967 1215 partibus

861 1231 995 1296 illis
1049 1231 1450 1318 praefectum.
1543 1231 1840 1298 Litteras
1902 1231 2110 1298 etiam
2175 1235 2247 1297 et
2314 1251 2536 1319 preces
2600 1227 2967 1296 Baldewini

863 1334 1121 1400 comitis
1182 1332 1606 1400 Albemarliae
1627 1331 1649 1370 ¹
1720 1334 1808 1399 ad
1868 1334 2258 1422 praedictum
2329 1332 2699 1399 Robertum
2756 1352 2969 1397 secum

863 1435 1206 1515 deferens,²
1252 1441 1522 1502 centum
1567 1457 1822 1503 marcas
1852 1458 1971 1524 pro
2016 1436 2193 1502 bono
2238 1435 2417 1523 pacis
2460 1435 2642 1502 dicto
2687 1434 2968 1501 Roberto

863 1539 1134 1625 insuper
1155 1537 1182 1576 ⁸
1226 1539 1545 1626 promisit,
1609 1539 1668 1606 si
1733 1539 1970 1626 coeptis
2031 1537 2573 1620 insecutionibus,
2632 1537 2969 1626 grangiam

864 1639 1192 1724 reddens,⁴
1234 1639 1538 1728 deinceps
1607 1639 1875 1728 penitus
1940 1639 2256 1708 desistere
2317 1639 2721 1730 dignaretur.
2812 1640 2968 1720 Quae

867 1743 1090 1809 omnia
1133 1742 1306 1808 nihil
1349 1743 1756 1831 profuerunt,
1805 1745 2171 1832 praesertim
2236 1765 2386 1810 cum
2447 1744 2553 1818 sui
2618 1765 2688 1809 se
2732 1741 2969 1808 intelli-

867 1867 1019 1934 gere
1062 1845 1368 1911 fecissent
1414 1845 1594 1932 quod
1627 1844 1775 1932 jam
1820 1850 2031 1913 terras
2058 1846 2210 1912 illas
2254 1867 2373 1934 per
2410 1831 2737 1934 judicium
2780 1843 2969 1911 curiae

867 1947 1040 2036 regis
1085 1947 1355 2035 Angliae
1414 1953 1877 2037 recuperasset,
1924 1954 1997 2015 et
2062 1949 2241 2036 quod
2300 1949 2557 2015 nullum
2600 1949 2677 2014 in
2722 1949 2813 2015 eis
2860 1948 2971 2033 jus

868 2049 1272 2117 haberemus.
1365 2049 1589 2138 Igitur
1633 2051 1839 2118 abbas
1869 2049 2253 2117 Alexander
2296 2071 2595 2118 reversus
2641 2050 2727 2116 ad
2771 2049 2975 2115 archi-

871 2153 1246 2240 episcopum
1289 2153 1678 2240 aliquandiu
1742 2175 1893 2220 cum
1954 2153 2073 2219 illo
2140 2152 2541 2236 morabatur,
2590 2153 2749 2240 quia
2792 2173 2973 2239 opor·

873 2254 1068 2321 tebat
1125 2254 1315 2320 illum
1361 2254 1452 2320 ad
1493 2256 1800 2344 generale
1862 2255 2229 2343 capitulum
2274 2255 2347 2320 in
2391 2256 2771 2342 proximum
2828 2275 2975 2343 pro-

873 2356 1090 2424 ficisci.
1198 2357 1437 2444 Sicque
1483 2357 1736 2425 factum
1780 2362 1884 2424 est
1928 2359 2123 2447 quod,
2184 2358 2321 2425 fere
2382 2380 2498 2446 per
2548 2380 2664 2425 sex
2723 2379 2975 2424 menses

873 2483 1125 2527 moram
1185 2459 1448 2542 faciens,
1494 2483 1714 2550 neque
1778 2483 1895 2550 per
1958 2461 2521 2550 archiepiscopum
2584 2483 2797 2549 neque
2862 2482 2976 2548 per

873 2565 1091 2651 ipsum
1121 2585 1342 2651 regem
1387 2569 1508 2631 aut
1553 2565 1846 2652 aliquem
1892 2563 2096 2631 alium
2142 2565 2225 2631 de
2269 2563 2450 2630 dicta
2471 2563 2500 2602 ⁵
2542 2565 2821 2653 grangia
2864 2567 2933 2628 et
2950 2559 2977 2598 ⁶

873 2667 1070 2732 terris
1113 2667 1463 2754 quicquam
1491 2669 1756 2755 poterat
1784 2668 2162 2756 impetrare.
2257 2667 2386 2734 Per
2428 2667 2977 2755 archiepiscopum

796 2798 801 2805 ·
873 2773 1102 2834 tamen
1167 2768 1421 2856 copiam
1481 2769 1737 2836 habens
1802 2771 2175 2837 rotulorum
2238 2771 2413 2858 apud
2468 2769 2980 2838 westmonaste-

874 2871 1066 2949 rium,
1111 2891 1229 2957 per
1271 2870 1386 2937 vii.
1435 2871 1574 2939 dies
1645 2894 1781 2939 non
1846 2874 2131 2941 cessavit
2174 2896 2467 2961 quaerere
2511 2874 2979 2963 transcriptum

875 2976 1074 3039 cartae
1121 2970 1349 3039 Aaron
1393 2973 1476 3040 de
1520 2996 1650 3062 quo
1702 2976 2099 3063 praedictum
2166 2982 2284 3056 est,
2330 2982 2402 3044 et
2459 2978 2735 3044 tandem
2800 2978 2982 3043 inve-

875 3074 1065 3141 niens
1088 3073 1114 3113 ⁷
1157 3074 1234 3141 in
1277 3098 1520 3165 magno
1566 3078 1807 3161 rotulo,
1854 3078 2017 3145 data
2077 3100 2211 3145 una
2270 3078 2536 3159 marca,a
2580 3081 2747 3146 sslud
2800 3087 2979 3146 tran-

876 3176 1072 3243 scribi
1116 3177 1292 3261 fecit,
1340 3184 1411 3247 et
1455 3181 1634 3267 quod
1679 3181 1761 3247 de
1806 3182 1992 3248 nullo
2036 3182 2264 3249 debito
2310 3181 2653 3249 willielmi
2700 3182 2979 3250 Fossard

878 3279 958 3346 de
1025 3284 1261 3348 caetero
1327 3284 1720 3351 tenebamur
1788 3286 2187 3372 respondere
2250 3285 2325 3350 in
2392 3285 2619 3352 eodem
2681 3286 2981 3352 similiter

876 3380 1094 3450 rotulo
1139 3384 1338 3451 scribi
1380 3386 1557 3453 fecit.
1632 3386 1919 3453 Interim
1946 3410 2104 3453 vero
2149 3386 2456 3455 custodes
2501 3388 2663 3455 dicti
2711 3388 2981 3455 Roberti

877 3484 1056 3572 apud
1100 3486 1545 3572 Byrdsalliam
1567 3487 1594 3526 ⁹
1640 3510 1868 3556 omnes
1928 3511 2275 3557 conversos
2318 3496 2387 3556 et
2432 3492 2795 3558 servientes
2836 3512 2983 3557 nos-

877 3592 1018 3653 tros
1083 3587 1157 3653 in
1218 3588 1363 3676 ipsa
1428 3591 1708 3679 grangia
1752 3592 1835 3657 de
1880 3590 2272 3659 Wharroma
2314 3598 2556 3682 praeter
2623 3594 2790 3661 duos
2832 3615 2981 3660 con-

877 3709 1101 3755 versos
1147 3690 1205 3776 ej
1213 3697 1526 3775 ecerunt3
1572 3714 1738 3781 quos
1768 3694 1842 3759 in
1871 3714 2009 3763 una
2052 3692 2248 3761 domo
2292 3718 2409 3784 per
2452 3718 2663 3763 unum
2690 3718 2981 3764 mensem

878 3795 949 3857 et
991 3790 1275 3879 amplius
1342 3794 1680 3863 conclusos
1749 3795 1857 3862 die
1927 3818 2003 3863 ac
2053 3807 2245 3865 nocte
2290 3797 2629 3865 observari
2671 3798 2978 3878 fecerunt,

877 3897 949 3959 et
991 3912 1078 3959 ne
1122 3895 1471 3983 quisquam
1501 3898 1594 3965 eis
1621 3898 1758 3965 cibi
1784 3899 1897 3967 vel
1924 3904 2125 3988 potus
2155 3900 2473 3988 quicquid
2493 3900 2544 3940 ¹⁰
2574 3900 2983 3969 ministraret

945 4206 960 4237 ¹
1007 4204 1161 4259 ΔΜ
1205 4206 1523 4261 Albemarlioe
1579 4210 1750 4273 insert,
1807 4211 1895 4277 qui
2044 4213 2064 4243 ⁸
2084 4210 2247 4279 dieta]
2276 4213 2506 4280 wanting
2528 4212 2583 4265 in
2604 4214 2665 4265 P.

879 4282 1162 4337 Hawisiam
1211 4286 1520 4339 comitissam
1571 4290 1787 4341 duxerat
1838 4290 1894 4341 in
2038 4294 2059 4323 ⁶
2081 4292 2154 4358 et]
2183 4308 2345 4358 neque
2367 4294 2446 4353 de,
2469 4294 2531 4347 Ρ.

880 4376 1108 4424 uxorem,
1131 4364 1194 4416 P.
2047 4372 2067 4398 ’
2086 4372 2361 4439 inveniens]
2388 4373 2597 4435 invenit,
2620 4380 2670 4424 et
2690 4378 2877 4438 postea,
2900 4372 2963 4425 P.

945 4442 966 4473 ³
986 4442 1140 4495 Astur
1184 4442 1405 4510 deserens
1447 4448 1621 4511 insert,
1669 4448 1892 4500 Roberto
2040 4450 2060 4481 ⁸
2085 4451 2241 4501 After
2261 4468 2433 4503 marca
2454 4452 2614 4503 insert
2634 4454 2847 4519 argenti,
2867 4452 2929 4505 P.

877 4522 1123 4587 porrexit,
1147 4528 1198 4575 et
1218 4522 1440 4590 insuper,
1462 4527 1524 4578 P.
2034 4532 2055 4558 ⁹
2077 4531 2217 4595 apud
2236 4528 2601 4599 Byrdsalliam]
2628 4532 2871 4599 wanting,
2884 4533 2986 4585 and

944 4598 965 4629 ⁸
985 4596 1115 4649 dicto
1135 4636 1151 4650 .
1177 4634 1192 4649 .
1217 4635 1230 4649 .
1253 4600 1477 4667 insuper]
1505 4600 1685 4662 eidem,
1711 4600 1772 4655 P.
1968 4606 2055 4659 the
2076 4610 2226 4660 order
2248 4611 2309 4661 of
2318 4610 2579 4678 following
2597 4612 2763 4664 words
2783 4612 2985 4665 altered,

941 4678 962 4708 ⁴
990 4678 1249 4745 ymnyt'am
1283 4676 1518 4747 reddens]
1561 4680 1787 4749 wanting
1830 4682 1888 4734 in
1968 4686 2028 4739 P.

873 4756 938 4809 P·
2038 4767 2076 4800 ¹⁰
2096 4768 2354 4839 quicquid]
2381 4770 2671 4840 quiequam,
2691 4770 2753 4825 P·
