3519 5734
1205 862 1576 912 Pmmrrus
1619 862 1836 911 AsBAs
1880 858 2257 911 SECUNDUS.
2652 846 2783 908 203

694 1045 770 1100 de
804 1042 1209 1101 transmarinis
1243 1043 1612 1099 intrudendO.
1701 1034 1988 1099 Domum
2032 1042 2452 1099 monasterium
2468 1040 2487 1073 ¹
2537 1040 2786 1096 Gai-thu·
2812 1040 3127 1091 A.D.1172-

696 1138 908 1194 siensis
943 1136 1167 1193 ordinis
1203 1136 1359 1208 apud
1380 1136 1662 1207 Wytham
1690 1137 1863 1209 juxta
1900 1135 2277 1193 Sari-biriam
2313 1134 2546 1189 exiliter
2568 1132 2789 1189 instau—
2821 1112 2963 1159 1174.

697 1231 872 1287 ravit.
979 1222 1216 1309 Igitur,
1285 1242 1436 1286 eum
1503 1221 1586 1285 de
1653 1225 1835 1287 terra
1910 1220 1997 1285 ad
2040 1220 2405 1285 Dominum
2478 1216 2791 1283 clamaret

698 1328 928 1389 sancta
968 1330 1181 1390 mater
1225 1322 1492 1389 ecclesia
1554 1344 1674 1409 pro
1717 1323 1973 1388 ultione
2040 1322 2411 1387 innocentis
2455 1319 2793 1407 sanguinis

699 1426 970 1492 Thomae
1014 1425 1504 1513 archiepiscopi,
1552 1426 1793 1505 subito,
1842 1430 2072 1491 contra
2100 1446 2283 1511 spem
2313 1423 2628 1503 omnium,
2659 1442 2793 1507 pax

697 1532 1009 1596 universa
1037 1530 1482 1609 confunditur,
1513 1535 1581 1595 et
1608 1530 1853 1596 bellum
1888 1529 2097 1595 oritur
2124 1530 2537 1595 intestinum.
2614 1526 2799 1590 Hen-
2822 1537 3087 1588 Rebellion

699 1634 874 1699 ricus
936 1656 1057 1698 rex
1115 1632 1342 1718 junior
1411 1653 1767 1719 omnesque
1834 1631 1969 1697 fere
2044 1631 2209 1717 regii
2284 1630 2409 1695 filii
2483 1630 2800 1695 adversus
2824 1605 2999 1736 (ἓξὲξ

701 1740 955 1823 patrem
1033 1757 1228 1803 suum
1300 1736 1823 1800 insurrexerunt.
1944 1734 2327 1800 Lodowicus
2402 1731 2605 1798 etiam
2680 1752 2799 1795 rex
2825 1754 2955 1788 sons.

702 1838 1017 1915 Franciae,
1064 1838 1249 1923 cujus
1293 1858 1580 1902 sororem
1625 1836 1953 1903 Henricus
2013 1859 2134 1901 rex
2184 1834 2413 1921 junior
2458 1832 2803 1921 desponsa·-

702 1940 822 2018 vit,
869 1962 1082 2005 comes
1149 1939 1480 2005 Flandriae
1549 1944 1617 2005 et
1681 1962 1891 2005 comes
1952 1939 2292 2016 BlesensiS‚
2338 1938 2410 2003 in
2476 1936 2801 2003 auxflium

705 2042 980 2108 Henrici
1023 2042 1196 2127 regis
1231 2041 1515 2127 junioris
1561 2042 1879 2108 adversus
1922 2047 2181 2129 patrem
2209 2062 2433 2127 regem
2479 2040 2801 2105 seniorem

701 2143 1128 2221 rebellantia2
1202 2144 1508 2209 civitates
1572 2149 1640 2208 et
1707 2144 2117 2211 munitiones
2192 2145 2266 2207 in
2340 2140 2801 2208 transmarinis

703 2246 1004 2335 partibus
1064 2268 1474 2333 regnumque
1543 2246 1607 2311 ei
1667 2246 1924 2312 auferre
1986 2245 2395 2311 nitebantur.
2511 2244 2619 2307 Ex
2681 2243 2801 2309 hoc
2830 2254 3129 2319 Normandy

703 2371 858 2437 ergo
885 2348 1112 2415 hostili
1140 2348 1364 2435 gladio
1393 2348 1463 2412 N
1466 2350 1813 2413 ormannia
1858 2348 2152 2413 traditur
2178 2346 2491 2411 ferienda.
2585 2345 2802 2425 Quam
2829 2322 3045 2453 ζξῗζῗ

702 2456 936 2517 tantus
996 2452 1179 2516 furor
1245 2472 1404 2514 mox
1466 2451 1716 2515 invasit
1783 2450 1941 2516 belli
1987 2454 2066 2514 ut
2124 2470 2260 2513 non
2324 2448 2623 2537 ecclesiis,
2667 2470 2803 2512 non

703 2554 1024 2619 ministris
1087 2552 1558 2629 ecclesiasticis,
1603 2552 1809 2617 etiam
1873 2552 2050 2617 inter
2111 2572 2293 2617 sacra
2354 2550 2584 2614 altaris
2630 2570 2803 2635 mys-

704 2656 888 2734 teria,
956 2656 1350 2741 parceretur.
1467 2653 1644 2718 Nam
1713 2652 2035 2719 altaribus
2098 2656 2428 2717 astantem
2489 2650 2559 2715 111
2623 2657 2807 2718 veste

703 2780 888 2823 sacra
931 2754 1339 2822 sacerdotem
1384 2756 1731 2823 dicebatur
1776 2755 1980 2821 fuisse
2026 2756 2111 2821 ab
2143 2755 2365 2842 impiis
2399 2755 2805 2842 jugulatum,

712 2860 1054 2946 multaque
1099 2859 1232 2926 alia
1275 2858 1601 2925 horrenda
1643 2860 1844 2925 nimis
1873 2864 1942 2925 et
1970 2858 2273 2924 inaudita
2300 2862 2463 2924 tunc
2493 2856 2809 2945 temporis

714 2967 872 3028 sunt
933 2965 1321 3050 perpetrata.
1433 2961 1682 3050 Anglia
1747 2963 2021 3050 proinde
2082 2961 2481 3029 contremuit
2525 2966 2595 3027 et
2638 2983 2812 3026 com-
2836 2977 2947 3029 The
2968 2981 3095 3048 king

715 3071 898 3132 mota
943 3069 1062 3146 est,
1107 3072 1177 3130 et
1217 3087 1338 3153 pro
1383 3087 1460 3130 eo
1502 3065 1830 3153 praecipue
1876 3067 2054 3153 quod
2098 3088 2218 3131 rex
2262 3063 2504 3131 Scotiae
2533 3063 2812 3130 williel·
2832 3045 3124 3164 ffiffled
3156 3069 3163 3075 ’

713 3191 861 3236 mus
905 3169 1168 3254 duoque
1213 3167 1482 3234 comites
1529 3168 1808 3235 Oestriae
1854 3174 1923 3235 et
1952 3169 2347 3234 Lancestriae
2377 3170 2465 3233 ad
2494 3167 2809 3255 Angliam
2834 3187 3077 3243 quartem.

713 3271 981 3338 interim
1027 3270 1508 3336 devastandam
1553 3292 1622 3336 se
1667 3275 2145 3358 praepararunt.
2237 3269 2697 3358 Regionesque
2742 3272 2811 3334 et

713 3374 1088 3463 provinciae,
1135 3371 1363 3460 populi
1407 3373 1612 3438 etiam
1657 3379 1799 3439 tam
1845 3373 1950 3438 sui
1995 3394 2191 3460 quam
2236 3373 2454 3450 alieni,
2498 3373 2813 3437 adversus

715 3477 926 3542 solum
971 3480 1227 3563 patrem
1256 3497 1477 3564 regem
1507 3498 1692 3541 arma
1722 3480 2093 3556 moverunt,
2126 3480 2205 3541 ut
2250 3479 2447 3541 terrae
2490 3474 2811 3560 siquidem

714 3579 912 3666 regiae
943 3577 1247 3644 hostibus
1289 3577 1700 3644 circumfusis
1742 3578 1818 3644 in
1864 3599 2028 3666 gyro
2073 3579 2256 3644 intus
2301 3577 2553 3658 divisse,
2585 3577 2815 3644 morti-

714 3681 871 3746 feris
912 3679 1126 3766 plenae
1155 3681 1604 3760 seditionibus,
1640 3681 1800 3746 dum
1842 3681 1956 3746 ille
1999 3681 2211 3769 patris
2237 3681 2366 3748 iste
2396 3681 2520 3746 filii
2550 3703 2812 3748 causam

716 3781 1142 3848 contenderet
1177 3783 1546 3868 justiorem,
1587 3783 1758 3848 nihil
1803 3783 1936 3848 nisi
1977 3783 2278 3871 generale
2324 3785 2653 3851 excidium
2698 3807 2811 3850 ex-

715 3883 1090 3974 pectabant.
1201 3883 1524 3973 Denique,
1569 3886 1869 3952 conscius
1914 3886 2043 3951 sibi
2087 3909 2206 3951 rex
2250 3887 2390 3974 ipse
2431 3893 2623 3974 pater
2666 3910 2817 3953 san-
2834 3913 3017 3980 Henry
3028 3917 3149 3966 does

714 3988 938 4078 guinis
999 3989 1371 4054 innocentis
1431 3989 1662 4056 Sancti
1705 3988 1975 4055 Thomae
2037 3990 2353 4076 martyris
2420 4012 2614 4056 causa
2673 4013 2810 4057 suae
2834 3997 3058 4099 11’32112112?
3078 3989 3131 4033 '¹‘

716 4091 1176 4158 commotionis
1203 4090 1414 4172 effusi,
1461 4096 1724 4157 ostenso
1762 4091 1927 4157 .sibi
1999 4091 2261 4157 coelitus
2323 4115 2440 4181 per
2484 4092 2809 4159 visionem
2836 4064 3021 4166 shexgnss.
3047 4066 3072 4100 ⁸

714 4217 854 4260 non
905 4215 1043 4259 esse
1111 4193 1295 4258 aliud
1358 4195 1490 4259 iter
1551 4193 1931 4260 obtinendae
1996 4194 2179 4282 pacis
2244 4195 2375 4260 nisi
2441 4197 2701 4284 placato
2746 4201 2813 4261 et

715 4297 1138 4364 reconciliato
1199 4297 1341 4384 ipso
1388 4295 1640 4362 Thoma
1683 4302 1978 4384 martyre
2022 4302 2267 4380 sanct0,
2313 4321 2355 4364 a
2397 4299 2468 4363 N
2469 4301 2815 4368 ormannia

715 4400 784 4465 in
819 4423 952 4488 qua
979 4406 1141 4466 tunc
1168 4400 1388 4466 fervor
1417 4399 1877 4466 debacchantis
1894 4398 1923 4438 ⁸
1950 4399 2325 4467 rebelJionis
2354 4402 2603 4483 extitit,
2632 4403 2816 4471 illam

719 4503 889 4570 sicut
935 4509 1003 4570 et
1048 4503 1211 4569 alias
1254 4509 1464 4569 terras
1511 4525 1662 4568 suas
1709 4505 2187 4570 transmarinas
2231 4506 2374 4573 Deo
2422 4511 2492 4574 et
2535 4509 2816 4595 martyri

788 4722 804 4752 ¹
838 4719 1200 4788 monsterium]
1237 4722 1460 4783 domum,
1479 4720 1544 4770 R.
1568 4720 1638 4770 H.
1763 4724 1773 4792 Ι
1884 4725 1904 4752 ³
1937 4721 2305 4790 debacchantis]
2343 4726 2647 4791 debacantia
2667 4727 2782 4780 MS.

788 4801 810 4831 ²
841 4797 1144 4865 rebellantis]
1181 4800 1480 4852 rebellantes
1501 4799 1558 4850 in
1579 4799 1694 4851 MS.
1762 4794 1775 4860 Ι
