3519 5734
1185 822 1462 873 ‘moins
1505 821 1725 873 ABsAs
1770 822 2079 873 'ramma
2550 804 2676 867 221

586 995 932 1062 faciebant.
1019 994 1215 1077 Nam,
1247 1018 1398 1062 cum
1441 997 1575 1063 xvi.
1604 997 1869 1063 bovatae
1912 992 2153 1062 terrae¹
2200 992 2275 1058 in
2316 994 2465 1056 toto
2492 987 2682 1055 feodo
2705 1007 2841 1059 A.D.
2872 1011 2999 1060 1182

589 1120 709 1163 suo
752 1098 836 1165 de
880 1097 1412 1187 Tharlesthorpia
1450 1098 1733 1165 fuissent
1776 1102 2163 1179 numeratae,
2206 1097 2346 1183 ipse
2390 1098 2459 1159 et
2502 1092 2685 1157 here·
2704 1080 2765 1125 ’¹
2778 1078 2888 1127 ¹⁹⁷·

589 1201 704 1266 des
749 1202 852 1267 sui
896 1222 1016 1290 pro
1057 1202 1146 1269 xi.
1188 1201 1475 1281 'bovatiffi
1521 1209 1590 1269 et
1655 1224 1779 1268 nos
1822 1223 1942 1288 pro
1986 1223 2049 1267 v.
2094 1205 2363 1266 tantum
2407 1194 2683 1262 forinse-

588 1324 737 1369 cum
784 1304 1132 1370 servitium
1169 1304 1539 1371 faceremus.
1610 1304 1751 1371 Ubi
1799 1304 2113 1371 continuo
2152 1302 2373 1390 ipsum
2408 1297 2689 1387 capitale

589 1406 998 1494 mesuagium
1040 1412 1268 1475 nostra
1310 1406 1622 1495 grangia⁹
1664 1408 1883 1473 fuerat
1922 1407 2290 1472 vocitatum
2314 1402 2367 1486 3³
2413 1402 2498 1467 de
2542 1401 2687 1488 qui-

587 1500 720 1574 bus'
729 1507 758 1544 ⁴
788 1509 1056 1595 quidem
1084 1510 1364 1597 grangia
1393 1516 1461 1576 et
1489 1508 1704 1592 terriS,
1738 1514 2032 1596 tempore
2062 1506 2315 1573 domini
2344 1502 2691 1570 Willielmi

589 1611 854 1677 abbatis
904 1615 966 1693 9,
1004 1618 1234 1700 postea
1285 1612 1617 1681 referetur.
1684 1613 1865 1695 Quas
1912 1612 2179 1699 quidem
2224 1630 2449 1676 omnes
2478 1612 2689 1673 terras

463 1786 465 1788 .
589 1713 664 1778 in
690 1714 1228 1801 Tharlesthorpia
1254 1715 1572 1803 praefatus
1603 1715 1909 1781 dominus
1941 1713 2271 1780 Robertus
2292 1709 2689 1779 Oonestable

589 1816 808 1881 senior
851 1814 931 1882 de
975 1819 1490 1884 antecessoribus
1521 1819 1702 1884 Petri
1732 1818 1815 1884 de
1846 1816 2349 1902 Frothyngham
2372 1813 2399 1851 ⁵
2430 1812 2690 1900 perqui-

590 1918 798 1984 sivit.⁰
842 1919 990 1999 Sed,
1011 1920 1169 2007 quia
1195 1922 1356 2008 ipsae
1384 1927 1578 1987 terrae
1607 1920 1879 1986 fuerunt
1908 1920 1989 1985 de
2017 1918 2207 1985 feodo
2228 1914 2694 2005 archiepiscopi

591 2020 1038 2101 Eboracensis,
1082 2023 1382 2089 dedimus
1428 2023 1724 2089 Galfrido
1771 2021 2168 2088 Eboracensi
2211 2020 2692 2106 archiepiscopo

591 2123 680 2188 lx‘.
713 2126 1008 2203 marcaS,⁷
1039 2132 1118 2191 ut
1164 2148 1271 2191 eas
1315 2126 1620 2192 licentius
1649 2125 1935 2192 retinere
1978 2125 2361 2190 valeremus,
2450 2121 2690 2187 Petrus
2715 2142 2904 2195 Granta
2924 2144 2984 2195 of

591 2226 791 2293 etiam
842 2228 924 2293 de
970 2228 1194 2307 Melea,
1243 2229 1420 2315 apud
1466 2251 1586 2294 nos
1630 2228 1843 2294 factus
1896 2226 2218 2304 noviciuS,
2262 2224 2449 2290 dedit
2499 2223 2691 2289 nobis
2710 2212 2893 2329 ἐξὲξ
2912 2214 2979 2263 ‘¹⁶

592 2330 756 2395 duas
797 2330 1077 2397 bovatas
1121 2336 1317 2398 terrae
1363 2354 1514 2399 cum
1558 2331 1819 2397 duobus
1862 2330 2103 2409 croftis,
2137 2335 2207 2394 et
2241 2349 2449 2394 unum
2480 2326 2692 2392 homi·
2714 2361 3005 2414 owthome.

589 2454 763 2511 nem,
836 2433 1113 2499 alteram
1189 2434 1548 2499 earundem
1621 2434 2021 2499 bovatarum
2095 2434 2457 2507 tenentem,
2538 2449 2688 2494 cum

591 2538 740 2599 tota
783 2534 1048 2621 sequela
1077 2557 1211 2614 sua,
1258 2538 1276 2567 ⁸
1299 2536 1372 2599 in
1420 2533 1820 2601 Owtthorne
1846 2535 1892 2614 ;'
1911 2531 1937 2570 ⁸
1981 2555 2142 2621 quas
2195 2532 2360 2597 duas
2410 2531 2689 2596 bovatas

523 2698 529 2705 .
593 2640 808 2714 terrae,
853 2658 1004 2703 cum
1048 2638 1240 2703 tostis
1302 2644 1372 2704 et
1437 2638 1724 2715 homine,
1773 2636 1977 2724 Hugo
2022 2635 2227 2701 abbas
2292 2636 2330 2698 5
2384 2633 2472 2699 ad
2513 2632 2692 2698 feodi

593 2740 850 2804 firmam
897 2740 1158 2805 cuidam
1204 2762 1324 2828 pro
1366 2740 1489 2811 xii..
1528 2740 1815 2806 denariis
1881 2740 2119 2805 annuis
2166 2737 2565 2815 dimittebat,
2612 2742 2691 2803 ut

594 2840 669 2906 in
713 2842 1144 2927 sequentibus
1171 2841 1504 2910 referetur.
1597 2842 1690 2909 Et
1718 2841 1767 2908 J
1771 2843 2059 2909 ohannes
2086 2840 2267 2908 filius
2312 2841 2477 2908 dicti
2508 2840 2690 2906 Petri

593 2945 677 3009 de
745 2943 956 3010 Melsa
1019 2945 1231 3032 dedit,
1271 2946 1481 3028 nobis,
1527 2948 1614 3013 ad
1673 2947 1950 3012 aedificia
2014 2945 2399 3012 monasterii
2460 2945 2688 3023 nostri,

592 3052 731 3112 tres
791 3046 1014 3128 toftos,
1058 3069 1270 3113 unum
1331 3049 1403 3113 in
1456 3046 1871 3136 Wythorne,⁹
1924 3052 1993 3114 et
2056 3048 2221 3113 duos
2284 3049 2361 3112 in
2426 3047 2690 3114 Thorne

591 3150 666 3214 in
695 3147 1173 3237 Wythornse‚¹⁰
1202 3173 1350 3217 cum
1381 3152 1712 3218 communi
1739 3157 2011 3239 pastura
2053 3153 2139 3218 ad
2184 3153 2442 3218 eosdem
2487 3151 2691 3217 tostos

591 3253 978 3338 pertinente.
1072 3253 1338 3321 Interea
1402 3255 1672 3342 quidam
1742 3254 2061 3332 Osbertus
2126 3255 2303 3320 filius
2351 3253 2690 3320 Godefridi
2715 3263 2943 3329 Hayhol-

592 3361 662 3420 et
705 3355 1097 3442 Radulphus
1161 3357 1243 3422 de
1309 3351 1648 3444 Flyntona
1712 3362 1928 3423 totam
1972 3364 2220 3424 terram
2266 3361 2561 3422 nostram
2607 3356 2690 3421 de
2714 3347 2841 3382 mus.

595 3455 992 3542 Hayholm0‚
1039 3463 1119 3523 ut
1150 3458 1264 3545 jus
1307 3481 1518 3538 suum,
1562 3482 1692 3547 quo
1737 3466 1931 3548 pacto
1961 3460 2198 3540 nesci0‚
2245 3459 2688 3524 vindicarunt.

594 3557 795 3624 Unde
839 3560 1129 3647 cognitio
1174 3561 1257 3626 de
1301 3569 1513 3628 morte
1572 3569 2056 3629 antecessorum
2116 3562 2521 3628 summonita
2562 3561 2693 3626 fuit

592 3683 711 3748 per
751 3661 952 3727 breve
997 3663 1247 3729 domini
1290 3664 1478 3753 regis.
1569 3657 1819 3752 In'qua
1846 3666 2310 3753 recognitione,
2340 3688 2460 3753 pro
2507 3686 2695 3730 sexa·

591 3763 782 3850 ginta
824 3764 1054 3830 solidis
1097 3767 1356 3853 argenti
1402 3787 1562 3852 quos
1605 3767 1699 3833 eis
1744 3769 2147 3847 dederamus,
2190 3767 2405 3856 ipsam
2447 3771 2692 3833 terram

593 3868 676 3934 de
725 3867 971 3933 Holmo
1017 3873 1087 3933 et
1129 3872 1347 3933 totum
1398 3868 1512 3954 jus
1577 3875 1644 3936 et
1712 3869 2021 3936 clamium
2066 3891 2261 3936 suum
2306 3891 2454 3957 quae
2498 3869 2571 3934 in
2617 3892 2695 3934 ea

592 3969 1020 4038 vindicarunt
1077 3991 1196 4057 per
1255 3971 1456 4036 finem
1478 3969 1525 4008 ¹¹
1573 3977 1644 4038 et
1709 3977 1923 4040 cartas
1982 3994 2133 4039 suas
2198 3973 2391 4040 nobis
2452 3973 2691 4059 imper-

593 4079 870 4162 petuum
913 4073 1322 4140 relaxabant.

661 4348 678 4378 ¹
716 4346 881 4412 τεῇ-ω]
920 4345 1148 4410 wanting
1165 4342 1223 4392 in
1243 4343 1305 4394 P.
1754 4342 1776 4373 “
1800 4343 2125 4408 perquisivit]
2162 4342 2471 4408 adquirebat,
2492 4343 2554 4395 P.

660 4428 684 4456 ²
711 4426 950 4492 yranqia]
987 4425 1047 4475 in
1068 4429 1296 4476 nostram
1315 4422 1598 4488 grangiam,
1754 4424 1775 4451 '¹
1806 4422 1961 4473 After
1979 4437 2172 4472 marcas
2192 4423 2352 4474 insert
2371 4423 2588 4488 argenti,
2608 4423 2671 4475 P.

597 4506 657 4559 P.
1753 4501 1775 4530 ⁸
1808 4500 1860 4549 in
1894 4500 2195 4567 Owtthorne]
2230 4501 2461 4567 wanting
2481 4503 2539 4552 in
2559 4501 2620 4553 P.

663 4588 684 4617 ⁸
717 4583 1004 4651 vocitatam]
1037 4589 1448 4647 transmutatum,
1467 4583 1530 4634 P.
1752 4583 1774 4611 ⁸
1817 4579 2105 4647 Wytlwrne]
2142 4579 2425 4640 Withorne.
2446 4581 2511 4632 P.

665 4667 686 4696 ⁴
715 4663 918 4730 quibus]
956 4679 1084 4730 quae,
1105 4663 1165 4716 P.
1753 4661 1792 4692 ¹⁰
1816 4659 2127 4726 Wythornoe]
2162 4659 2472 4723 Withornse,
2493 4660 2553 4711 P.

662 4747 684 4777 ⁸
715 4743 1102 4812 Fromynqham]
1139 4743 1505 4812 Frotyngham,
1535 4740 1599 4794 P.
1753 4740 1789 4772 ¹¹
1822 4739 1975 4791 After
1982 4741 2135 4804 finem
2155 4739 2314 4792 insert
2333 4739 2572 4804 levatum,
2593 4739 2655 4791 P.
