3519 5734
1303 875 1500 926 Anffl
1541 871 1757 925 Annas
1802 873 2074 924 PRIMUS.
2612 850 2743 923 157

1324 1541 2076 1622 APPENDIX.

722 1981 1070 2056 ¹Hujusque
1105 1982 1330 2040 abbatis
1367 1987 1648 2056 tempore,
1687 1983 1864 2040 tertio
1898 2001 2048 2040 anno
2083 2001 2119 2041 a
2150 1983 2488 2043 fundatione
2522 2003 2749 2046 monas-

651 2069 786 2125 terii
809 2070 1014 2134 nostri,
1045 2067 1290 2125 Sanctus
1327 2067 1662 2126 Bernardus
1687 2068 1867 2125 abbas
1904 2068 2389 2137 Glaroevallensis,
2428 2071 2747 2128 multorum

649 2159 1005 2212 tractatuum
1065 2155 1342 2226 egregius
1405 2154 1767 2226 conscriptor
1824 2155 2262 2226 multorumque
2330 2155 2747 2212 miraculorum

647 2245 1028 2313 perpetrator,
1085 2245 1320 2295 centum
1375 2239 1793 2312 sexagintaque
1840 2240 2327 2296 monasteriorum
2363 2247 2743 2307 constructor,

647 2327 712 2380 in
761 2342 867 2381 suo
915 2325 1268 2380 monasterio
1323 2323 1434 2379 clx.
1487 2324 1800 2380 monachos
1860 2326 2215 2396 relinquens,
2277 2324 2629 2383 obdormivit
2684 2327 2748 2383 in

650 2409 915 2464 Domino·
987 2408 1170 2480 Hugo
1229 2408 1301 2463 de
1363 2407 1575 2464 Sancto
1633 2407 1875 2465 Victore
1935 2415 1995 2465 et
2050 2409 2341 2480 {Ricardus
2401 2410 2473 2465 de
2536 2409 2747 2466 Sancto
2771 2416 2807 2467 f.
2834 2421 2911 2466 19.

650 2493 910 2558 Victore,
952 2493 1055 2564 qui
1089 2492 1262 2564 plura
1314 2492 1598 2564 opuscula
1646 2493 1959 2558 dictarunt,
2010 2494 2349 2550 floruerunt.
2440 2493 2746 2552 Gratianus

652 2579 967 2634 monachus
1003 2577 1065 2631 in
1100 2575 1361 2633 Bononia
1395 2577 1736 2648 compilavit
1769 2577 2055 2643 Decreta3
2100 2579 2269 2650 cujus
2305 2579 2485 2633 frater
2521 2595 2749 2650 germa-

650 2682 762 2719 nus
797 2663 1012 2718 Petrus
1047 2660 1430 2726 LombarduS‚
1471 2662 1781 2734 episcopus
1818 2663 2191 2728 Parisiensis‚
2232 2662 2572 2734 compilavit
2606 2681 2745 2735 qua-

651 2755 785 2804 tuor
807 2747 989 2803 libros
1017 2745 1489 2812 Sententiarum3
1529 2747 1877 2818 psalterium
1902 2764 2133 2818 quoque
2170 2753 2231 2803 et
2264 2745 2540 2819 epistolas
2576 2747 2747 2802 Pauli

651 2831 922 2905 glosavit.
994 2829 1381 2903 Hildegardis
1415 2831 1685 2887 monialis
1709 2831 1924 2888 floruit.
1996 2831 2351 2889 Willielmus
2386 2851 2490 2891 rex
2525 2832 2747 2892 Ciciliae

652 2920 795 2974 fecit
850 2917 1192 2989 homagium
1250 2916 1511 2972 Adriano
1570 2934 1736 2989 papae
1800 2924 2027 2989 quarto,
2091 2924 2153 2973 et
2208 2924 2429 2975 terram
2488 2920 2561 2976 ab
2618 2919 2746 2990 ipso

651 3003 927 3075 suscepit.
1001 3002 1089 3056 Eo
1142 3007 1421 3072 tempore,
1459 3018 1566 3055 rex
1615 2999 1843 3072 Alapiae
1898 3003 2055 3074 cepit
2101 3002 2392 3069 Edissam‚
2450 3005 2747 3061 civitatem

651 3106 826 3161 quam
861 3086 1132 3159 Edgarus
1147 3085 1169 3119 ²
1203 3102 1326 3151 rex,
1366 3086 1463 3140 cui
1501 3085 1774 3141 Christus
1811 3086 2119 3157 epistolam
2156 3088 2409 3160 scripsit,
2439 3088 2748 3145 aedificavit

649 3178 710 3229 et
743 3173 806 3227 in
841 3188 958 3243 qua
993 3171 1246 3226 Thomas
1281 3169 1599 3241 Apostolus
1633 3168 1994 3242 praedicavit.
2084 3170 2213 3241 Qua
2245 3178 2385 3228 tunc
2419 3174 2677 3245 primum
2713 3191 2749 3229 a

649 3256 922 3329 gentibus
959 3256 1278 3329 profanata,
1321 3255 1514 3311 dictus
1548 3272 1654 3310 rex
1685 3254 1915 3327 Alapiae
1949 3256 2455 3329 archiepiscopum
2489 3256 2745 3313 civitatis

649 3360 782 3397 cum
818 3342 992 3407 cler0,
1033 3340 1173 3412 quia
1207 3339 1512 3396 Christum
1564 3340 1880 3396 noluerunt
1928 3340 2235 3412 abnegare,
2276 3342 2339 3396 in
2373 3340 2566 3397 media
2598 3341 2745 3396 urbe

649 3444 844 3482 coram
879 3444 942 3481 se
977 3425 1256 3480 decollari
1291 3423 1590 3496 praecepit,
1631 3430 1693 3479 et
1725 3424 1981 3481 Francos
2004 3425 2153 3480 inibi
2188 3430 2385 3496 captos
2422 3432 2525 3481 aut
2558 3430 2745 3482 morte

648 3516 750 3566 aut
783 3511 1066 3565 servitute
1102 3508 1419 3565 damnavit.
1511 3508 1598 3563 Eo
1645 3514 1906 3580 tempore
1943 3513 2063 3564 tres
2113 3509 2269 3564 lunae
2322 3510 2465 3566 visae
2512 3516 2650 3567 sunt
2681 3510 2745 3567 in

649 3595 816 3661 coelo,
856 3598 916 3650 et
949 3594 1012 3649 in
1045 3592 1238 3650 medio
1274 3592 1592 3663 cujuslibet
1625 3610 1828 3649 earum
1864 3594 2097 3667 signum
2132 3594 2343 3651 crucis.

651 3842 819 3902 XIV.
859 3844 945 3901 De
981 3853 1114 3917 ‘reqe
1158 3844 1455 3915 Stephano,
1507 3850 1558 3900 et
1607 3846 1955 3901 libertatibus
2012 3864 2118 3919 per
2164 3848 2353 3920 ipswm
2412 3849 2744 3907 monastwio

1075 3931 1373 3996 canossam
1410 3936 1460 3985 et
1497 3930 1563 3987 de
1596 3949 1719 4002 φερε
1754 3931 2001 3989 Hem-ico
2038 3933 2293 3989 secundo·

719 4076 918 4147 Hujus
954 4077 1152 4148 itaque
1189 4076 1416 4133 abbatis
1454 4082 1734 4150 tempore,
1791 4096 1927 4135 cum
1974 4096 2079 4135 rex
2128 4078 2457 4151 Stephanus
2492 4098 2743 4153 regnum

649 4168 710 4219 et
744 4180 1016 4218 coronam
1049 4161 1284 4231 Anglise
1319 4168 1678 4233 usurpasset,
1719 4169 1782 4218 et
1802 4164 2089 4229 civitates,
2128 4164 2299 4220 villas
2337 4169 2398 4220 et
2432 4171 2641 4231 castra,
2681 4168 2745 4222 in

647 4266 852 4303 manus
923 4264 1058 4302 suas
1110 4247 1382 4317 cepisset,
1439 4242 1512 4301 et'
1543 4247 1853 4303 nonnullas
1928 4248 2041 4304 sibi
2097 4248 2347 4305 rebelles
2396 4249 2737 4317 obsedisset,

649 4331 880 4386 tandem
915 4330 1303 4386 Eustachium
1337 4331 1526 4385 filium
1563 4350 1735 4387 suum
1771 4332 1938 4405 regio
1974 4333 2299 4389 diademate
2335 4334 2524 4390 voluit
2558 4336 2741 4408 insig-

649 4415 807 4481 nire3
849 4414 952 4471 sed
998 4432 1146 4486 papa
1192 4414 1408 4471 litteris
1446 4416 1568 4471 suis
1619 4417 2051 4490 archiepiscopo
2103 4418 2445 4491 prohibebat
2496 4419 2743 4476 Cantua-

715 4672 726 4701 ¹
763 4670 972 4720 Priuted
1005 4670 1134 4719 from
1173 4669 1258 4720 the
1281 4670 1504 4735 Eget-ton
1543 4672 1676 4731 MS„
1713 4672 1921 4736 chapter
1952 4672 2060 4723 xiii.
2132 4674 2227 4724 See
2266 4676 2440 4735 above,
2464 4692 2595 4743 page
2624 4683 2733 4739 110,

649 4756 766 4859 no?
777 4755 1029 4895 rl'g'yarus]
1067 4829 1208 4879 Read
1229 4830 1482 4895 Abgarus.
