3519 5734
876 858 1007 921 400
1522 870 1718 920 nuso
1762 867 1979 919 ABBAs
2025 869 2340 931 Qum-rus,

540 1052 849 1104 A.D.1218.
874 1042 1275 1122 exheredati,
1328 1043 1442 1110 sed
1504 1044 1719 1110 clerici
1787 1066 1906 1131 pro
1955 1044 2334 1131 quantitate
2385 1041 2598 1130 culpae
2647 1046 2767 1109 aut
2809 1047 2965 1109 sunt

872 1146 1205 1213 beneficiis
1258 1148 1503 1234 privati
1550 1150 1671 1212 aut
1712 1146 1803 1212 ad
1850 1148 2101 1214 curiam
2148 1148 2512 1211 Romanam
2554 1169 2672 1234 pro
2711 1146 2967 1213 absolu-

538 1258 775 1338 Reneyal
797 1258 857 1308 of
874 1251 1055 1316 tione
1114 1250 1503 1316 transmissi.
1626 1250 1825 1317 Anno
1878 1271 2138 1336 quoque
2199 1250 2520 1336 sequenti,
2577 1249 2668 1315 ad
2727 1250 2968 1336 parlia-

538 1325 769 1377 ¹¹¹³⁶¹⁸³¹²⁸⁶
874 1359 1177 1420 mentum
1226 1352 1589 1419 Londoniis
1636 1358 1914 1430 tentum,
1976 1351 2318 1419 libertates
2361 1374 2586 1419 omnes
2631 1374 2794 1438 quas
2851 1374 2968 1417 rex

874 1456 1057 1543 prius
1104 1461 1508 1522 concesserat
1540 1460 1609 1521 et
1647 1455 1786 1521 suis
1830 1455 2079 1521 chartis
2107 1455 2494 1543 patentibus
2537 1456 2969 1522 confirmabat

541 1566 595 1615 A
618 1567 839 1633 subsidy.
873 1559 1139 1625 fuerant
1189 1561 1547 1624 renovatae.
1650 1556 1870 1639 Quare
1916 1558 2000 1623 de
2044 1578 2440 1644 unaquaque
2484 1564 2792 1623 carucata
2840 1562 2970 1623 ter-

542 1680 793 1745 Ranulph,
875 1684 966 1727 rae
998 1660 1262 1749 Angliae
1292 1662 1424 1725 duo
1468 1659 1662 1727 solidi
1705 1660 1848 1745 regi
1891 1659 2428 1727 concedebantur.
2535 1660 2696 1725 Post
2737 1660 2970 1747 praefa-

538 1747 762 1863 ῗζὲεῖξι,
875 1770 1013 1830 tam
1076 1786 1233 1830 vero
1300 1762 1717 1829 concordiam
1781 1762 2176 1849 Ranulphus
2223 1784 2437 1829 comes
2490 1762 2766 1830 Oaetriae
2823 1785 2966 1851 pro-

875 1867 1085 1933 fectus
1160 1871 1263 1932 est
1352 1865 1824 1943 Ierosolimam‚
1901 1871 1972 1932 et
2061 1870 2258 1953 capta
2345 1870 2448 1931 est
2538 1866 2854 1932 Damiata
2925 1888 2968 1931 a

878 1968 1287 2035 Christianis,
1427 1969 1573 2035 Hoc
1646 1989 1823 2035 anno
1899 1973 2353 2035 convenerunt
2418 1969 2630 2056 primo
2697 1968 2968 2033 abbates

876 2072 1049 2159 nigri
1108 2073 1285 2159 apud
1346 2070 1695 2152 Oxoniam,
1740 2072 1831 2135 ad
1877 2072 2299 2137 tractandum
2347 2070 2430 2137 de
2477 2072 2722 2137 ordine.
2823 2071 2967 2137 Rex

876 2176 1202 2241 Henricus
1247 2175 1496 2262 incepit
1548 2196 1799 2240 novum
1845 2195 2011 2261 opus
2053 2174 2234 2263 apud
2273 2174 2966 2254 westmonasterium3

874 2285 941 2345 et
986 2278 1377 2367 Ranulphus
1420 2299 1634 2344 comes
1697 2276 1976 2345 Cestriae
2021 2278 2281 2346 rediens
2329 2279 2413 2343 de
2457 2278 2659 2343 Terra
2721 2277 2967 2343 Sancta.

871 2381 1228 2449 aedificavit
1271 2385 1487 2447 castra
1515 2378 1599 2445 de
1646 2378 2004 2467 Charteley
2033 2387 2101 2447 et
2149 2382 2478 2447 Boestona
2515 2385 2584 2445 et
2627 2379 2963 2445 abbatim

872 2487 953 2551 de
1004 2484 1413 2550 Dewlacrese
1458 2482 1916 2551 cisterciencis
1962 2483 2229 2563 ordiniS,
2285 2483 2372 2549 ad
2415 2504 2693 2569 quorum
2747 2504 2968 2569 sump-

872 2594 983 2654 tus
1028 2591 1389 2653 castrorum
1430 2586 1607 2672 cepit
1645 2586 1997 2673 tallagium
2040 2608 2160 2673 per
2201 2590 2413 2652 totam
2445 2584 2777 2673 Angliam.
2863 2584 2966 2651 De

870 2690 1075 2777 gestis
1154 2694 1381 2765 autem
1458 2688 1994 2753 memorabilibus
2069 2688 2363 2773 ejusdem
2443 2688 2616 2774 regis
2691 2688 2966 2753 Henrici

870 2792 1272 2881 temporibus
1322 2790 1637 2856 abbatum
1684 2790 2224 2877 subsequentium
2273 2795 2499 2880 postea
2541 2790 2874 2855 referetur.
