3519 5734
518 998 655 1051 ΑΛ).
684 1005 812 1053 1210

516 1072 699 1119 -1220,

518 1147 779 1198 Pittancea

515 1220 571 1264 to
590 1214 681 1265 the
700 1216 816 1265 four

525 1280 806 1333 Cistercian

514 1363 567 1396 m
634 1363 713 1398 as-

512 1414 676 1465 tei-ies.

510 2559 730 2626 Newby·

516 2642 702 2693 gynge.

512 2962 772 3015 Staxtona.

510 3262 751 3316 Colloma.

504 3775 821 3830 wharroma.

853 802 984 878 378
1498 822 1696 873 nuso
1740 822 1960 875 ΑΒΒΔΒ
2003 824 2323 885 oum-rus.

856 995 989 1081 Qui
1032 996 1345 1064 videlicet
1386 997 1744 1085 Gregorius
1789 996 1976 1066 dedit
2021 1005 2305 1085 quatuor
2347 1000 2654 1067 domibus
2698 1001 2945 1068 ordinis

852 1101 1081 1179 nostri,
1147 1100 1459 1167 videlicet
1518 1102 1918 1168 monasterio
1985 1100 2068 1167 de
2131 1100 2477 1183 Fontibus,
2547 1106 2943 1172 monasterio

852 1207 1077 1270 nostro
1137 1202 1221 1268 de
1289 1203 1513 1283 Melea,
1582 1204 2133 1291 monasteriisque
2197 1206 2282 1272 de
2341 1207 2663 1293 Ryevalle
2728 1212 2798 1274 et
2864 1209 2944 1274 de

854 1304 1257 1385 Bellalanda‚
1298 1328 1506 1372 unum
1547 1304 1796 1373 toftum
1847 1329 1997 1373 cum
2041 1308 2338 1375 aedificiis
2379 1310 2454 1374 in
2496 1310 2724 1377 eadem
2765 1312 2942 1391 vssla,

851 1429 1047 1493 quem
1114 1409 1337 1475 tenuit
1396 1410 1479 1476 de
1536 1410 1733 1476 domo
1809 1410 2039 1477 Sancti
2115 1411 2340 1499 Egidii
2414 1412 2797 1495 Beverlaci3
2849 1413 2944 1479 ita

847 1510 1160 1578 videlicet
1204 1517 1283 1578 ut
1343 1533 1755 1599 unaquaeque
1821 1513 2150 1579 dictarum
2206 1518 2248 1579 4
2295 1514 2640 1581 domorum
2706 1516 2942 1602 aequali

846 1614 1151 1700 portione
1194 1614 1555 1701 perciperet
1598 1616 1948 1681 annuatim
1990 1620 2356 1702 proventus
2398 1618 2558 1684 inde
2583 1618 2942 1695 venienteS‚

846 1717 935 1781 ad
977 1737 1264 1781 annuam
1310 1716 1671 1803 pitanciam
1710 1718 2147 1783 conventibus
2189 1720 2482 1806 ipsorum
2526 1721 2943 1787 monasterio-

844 1841 997 1887 rum
1042 1818 1451 1901 faeiendam3
1495 1820 1835 1887 reddendo
1877 1820 2037 1887 inde
2065 1824 2414 1887 annuatim
2457 1824 2686 1889 domui
2715 1824 2939 1890 Sancti

848 1922 1073 2009 Egidii
1128 1927 1267 1991 tres
1332 1922 1635 1989 denarios
1698 1944 1818 2010 pro
1875 1914 2076 1990 omni⁴
2123 1926 2412 1993 servitio.
2505 1928 2658 2014 Ipse
2718 1933 2939 1993 autem

846 2024 1055 2090 tostus
1100 2046 1249 2090 cum
1295 2024 1591 2091 aedificiis
1652 2026 1827 2091 idem
1895 2026 2190 2095 clausum
2250 2034 2354 2095 est
2377 2026 2398 2065 ¹
2447 2028 2532 2094 de
2592 2051 2722 2115 quo
2765 2029 2938 2093 idem

850 2126 1207 2214 Gregorius
1236 2127 1353 2193 xii.
1397 2128 1704 2194 denarios
1746 2150 2002 2195 annuos
2045 2129 2446 2197 monasterio
2488 2137 2718 2197 nostro
2759 2132 2940 2218 prius

846 2229 1129 2296 contulit
1153 2254 1172 2310 ;
1194 2228 1223 2266 ²
1283 2229 1461 2296 unde
1522 2230 1607 2295 de
1666 2230 1810 2317 ipso
1879 2230 2048 2297 tosto
2113 2232 2423 2318 praefatos
2482 2234 2594 2299 xii.
2625 2234 2940 2299 'denarios

844 2353 1121 2411 annuos,
1150 2332 1408 2399 ratione
1451 2333 1681 2421 primae
1710 2334 2155 2416 concessioniS,
2188 2340 2256 2401 et
2299 2334 2464 2401 alios
2491 2336 2604 2401 xii.
2644 2336 2940 2401 denarios

847 2458 966 2523 pro
994 2435 1300 2523 portione
1334 2441 1561 2501 nostra
1578 2434 1605 2475 ⁸
1633 2436 1844 2503 firmae
1890 2456 2040 2501 cum
2083 2438 2504 2503 monasteriis
2533 2436 2936 2525 supradictis

846 2538 1239 2625 percipimus
1296 2538 1371 2604 in
1433 2538 1757 2625 praesenti.
1847 2538 1896 2603 J
1899 2538 2318 2627 ohannesque
2371 2539 2552 2607 filius
2616 2539 2664 2604 J
2665 2540 2938 2606 ohannis

848 2642 1068 2708 Crassi
1141 2641 1226 2707 de
1292 2640 1646 2708 Beverlaco
1708 2639 1898 2708 dedit
1971 2641 2165 2707 nobis
2238 2664 2535 2708 annuum
2605 2642 2934 2709 redditum

846 2750 1136 2831 quatuor
1196 2744 1571 2825 solidorum,
1623 2720 2116 2831 percipiendu'm
2182 2745 2265 2811 de
2327 2747 2614 2833 quinque
2678 2745 2937 2811 bovatis

844 2854 917 2914 et
998 2844 1279 2913 dimidia
1350 2849 1546 2912 terrae
1608 2846 1683 2912 in
1743 2848 2264 2936 Newebygynge
2327 2850 2532 2934 juxta
2593 2847 2932 2936 Fynelay.⁴

848 2952 933 3016 In
1006 2950 1120 3015 illo
1183 2969 1340 3015 vero
1411 2953 1723 3036 tempore,
1788 2950 2056 3015 clericus
2123 2952 2392 3036 quidam
2461 2950 2586 3016 Ivo
2649 2952 2932 3029 nomine,

846 3053 1155 3119 vicarius·
1176 3052 1463 3118 ecclesiae
1505 3051 1780 3118 minoris
1826 3051 2249 3131 Wharromae,
2298 3052 2480 3118 dedit
2521 3052 2714 3119 nobis
2745 3053 2931 3118 dimi-

845 3157 1022 3221 diam
1066 3159 1436 3220 carucatam
1495 3160 1687 3220 terrae
1731 3154 1808 3220 in
1853 3154 2227 3237 Staxtona3
2270 3177 2420 3241 quae
2463 3161 2758 3244 tempore
2803 3156 2930 3220 Ro-

844 3258 1019 3324 berti
1064 3257 1334 3323 abbatis
1376 3256 1710 3324 undecimi
1767 3263 1998 3344 postea
2041 3256 2172 3324 fuit
2215 3257 2516 3324 alienata.
2607 3257 2931 3324 Robertus

844 3361 1070 3448 itaque
1132 3361 1311 3426 filius
1378 3359 1684 3426 Nicholai
1751 3359 1835 3426 de
1899 3358 2192 3426 Colloma
2253 3360 2441 3429 dedit
2507 3359 2698 3427 nobis
2772 3362 2928 3426 duas

844 3463 1123 3530 bovatas
1181 3467 1379 3528 terrae
1445 3461 1521 3526 in
1573 3460 1915 3542 Colloma3
1979 3467 2048 3528 et
2116 3463 2324 3529 Elena
2385 3463 2526 3528 filia
2591 3485 2712 3530 sua
2772 3465 2928 3529 duas

842 3567 1159 3634 solidatas
1232 3565 1531 3630 redditus
1598 3565 1681 3632 de
1740 3566 2038 3653 praefatis
2096 3566 2351 3632 duabus
2423 3567 2687 3634 bovatis
2745 3572 2929 3634 terrae

845 3673 1161 3736 exeuntes
1221 3667 1413 3733 nobis
1473 3667 1834 3745 relaxabat,
1898 3689 2048 3754 quae
2091 3674 2385 3756 tempore
2442 3668 2783 3736 Michaelis
2825 3669 2931 3734 ab·

845 3773 1021 3839 batis
1082 3775 1125 3834 8
1193 3776 1423 3858 postea
1492 3770 1764 3838 fuerunt
1829 3769 2148 3838 alienatae.
2242 3771 2498 3838 Iterum
2549 3792 2707 3838 vero
2749 3793 2930 3838 reno·

844 3881 1006 3942 vata
1064 3873 1197 3940 fuit
1255 3873 1643 3960 compositio
1717 3873 1968 3940 dudum
2026 3873 2204 3939 facta
2261 3873 2439 3939 inter
2495 3895 2614 3939 nos
2658 3878 2728 3939 et
2770 3873 2928 3938 Wil-

841 3979 1118 4045 lelmum
1186 3977 1269 4042 de
1338 3975 1838 4062 Barkethorpia.
1930 3975 2022 4041 Et
2090 3977 2178 4040 ad
2244 3977 2694 4064 praescriptam
2761 3997 2928 4042 com-

838 4081 1232 4170 positionem
1275 4079 1415 4146 haec
1458 4077 2106 4166 augmentabantur‚⁵
2135 4079 2460 4158 videlicet,
2491 4079 2668 4166 quod
2707 4079 2932 4145 rustici

840 4185 1135 4272 ejusdem
1202 4180 1539 4262 willelmi,
1625 4180 1741 4267 qui
1816 4202 1936 4267 pro
2001 4185 2296 4267 tempore
2359 4181 2432 4246 in
2500 4180 2887 4248 Wharroma
2901 4181 2930 4219 ⁰

837 4310 954 4375 per
997 4287 1217 4374 ipsum
1260 4282 1625 4349 manserint
1670 4305 1755 4349 ex
1802 4283 2189 4349 occidentali
2232 4288 2420 4370 parte
2466 4283 2701 4350 ductus
2729 4305 2929 4370 aquae,

1399 4438 2161 4446 ——-—.-——·—·-—-—————-—

908 4528 923 4558 ¹
959 4525 1057 4591 est]
1098 4539 1207 4574 esse
1230 4528 1472 4587 speratur,
1496 4521 1558 4571 P.
1999 4523 2020 4552 ⁴
2054 4519 2300 4588 Fynelay]
2341 4521 2682 4588 Scardburgh,
2705 4523 2765 4573 P.

902 4609 924 4638 ²
953 4601 1183 4670 contulit]
1222 4601 1524 4658 conferebat,
1547 4600 1605 4650 P.
1999 4601 2020 4630 ⁸
2053 4600 2515 4668 auqmentabanwr]
2541 4602 2713 4654 addita
2729 4602 2930 4654 fuerunt

902 4689 923 4718 ³
951 4701 1047 4751 pro
1071 4721 1084 4734 .
1119 4721 1133 4734 .
1160 4721 1172 4734 .
1196 4681 1393 4748 ποσίνα]
1432 4688 1483 4732 et
1504 4695 1699 4746 aequam
1720 4695 1836 4746 por·
1930 4679 1986 4730 in
2009 4687 2354 4746 augmentum,
2371 4681 2433 4731 P.

836 4767 1042 4825 tionem,
1060 4763 1121 4816 P.
1995 4762 2016 4790 ⁶
2063 4759 2376 4828 What-roma]
2415 4761 2588 4813 eadem
2609 4761 2748 4824 villa,
2771 4761 2830 4813 P.
