3519 5734
1063 852 1484 904 ALEXANDER
1526 851 1746 902 ABBAs
1792 853 2129 913 QUARTUS.
2516 840 2645 904 305

542 1031 790 1099 fossa-ta
853 1052 896 1096 a
961 1033 1150 1118 parte
1217 1028 1580 1116 aquilonali
1645 1029 1726 1094 de
1796 1027 2273 1094 Bracheholmo
2333 1027 2524 1095 cadat
2568 1031 2642 1096 in
2666 1035 2789 1088 ΑΒ
2838 1045 2961 1094 1197

542 1135 989 1222 supradictam
1033 1155 1342 1220 magnam
1388 1133 1720 1198 fossatam.
1816 1131 1904 1195 In
1934 1132 2175 1218 quibus
2218 1131 2477 1206 fossa-tis
2523 1154 2643 1198 nec
2665 1110 2848 1158 ‘¹²¹⁰'

542 1237 670 1325 ipsi
715 1260 835 1303 nec
863 1235 1135 1302 heredes
1177 1236 1286 1300 sui
1328 1233 1601 1320 aliquod
1630 1235 2183 1320 impedimentum
2226 1234 2516 1300 facerent
2560 1235 2641 1301 de

543 1340 852 1421 cratibus,
922 1340 1030 1406 vel
1097 1339 1281 1426 palis,
1328 1337 1440 1403 vel
1508 1343 1708 1415 terra,
1751 1336 1863 1402 vel
1923 1337 2143 1424 aliqua
2201 1359 2275 1404 re
2336 1338 2484 1416 alia,
2532 1339 2641 1404 vel

542 1445 806 1531 ingenio
851 1443 1090 1529 aliquo,
1135 1443 1314 1506 unde
1359 1463 1530 1527 aqua
1595 1441 1666 1506 in
1736 1441 1831 1506 eis
1894 1440 2309 1506 minueretur
2351 1441 2460 1508 vel
2518 1443 2641 1507 im-

541 1547 900 1636 pediretur,
945 1551 1065 1611 aut
1109 1545 1414 1632 perderet
1480 1565 1742 1610 cursum
1789 1565 2026 1623 suum3
2085 1549 2347 1610 retenta
2390 1545 2523 1610 illis
2566 1547 2637 1610 in

543 1649 785 1714 minori
827 1650 1078 1714 fossata
1119 1653 1387 1713 tantum
1431 1645 1795 1733 piscatione
1860 1667 2005 1712 cum
2077 1647 2335 1714 retibus
2396 1648 2642 1714 solum-

543 1753 738 1817 modo
816 1756 888 1817 et
960 1750 1326 1816 burraches.
1450 1748 1543 1814 Et
1616 1770 1740 1815 nos
1804 1770 2032 1836 capere
2110 1749 2192 1816 de
2266 1755 2443 1816 terra
2518 1773 2640 1818 sua

541 1859 867 1940 quantum
911 1859 981 1920 et
1023 1853 1282 1940 quoties
1310 1848 1630 1918 velimus¹
1670 1851 1874 1938 juxta
1916 1857 2263 1939 utramque
2304 1853 2636 1935 fossatam,

538 1958 626 2022 ad
692 1957 1162 2024 obstruendam
1219 1977 1462 2043 aquam
1519 1977 1604 2021 ne
1672 1955 2093 2042 supereffluat
2154 1957 2225 2022 in
2286 1957 2637 2024 mariscum

543 2059 624 2124 de
687 2060 992 2137 Restona,
1058 2059 1444 2136 valeremus,
1504 2071 1572 2124 et
1635 2059 1813 2145 ipsas
1858 2058 2135 2124 fossatas
2201 2059 2523 2126 mundare
2566 2068 2637 2127 et

541 2162 880 2229 meliorare
966 2165 1161 2250 prout
1235 2162 1547 2248 expedire
1619 2161 2013 2228 videremus.
2136 2161 2227 2228 Et
2316 2168 2638 2250 praeterea

539 2266 928 2332 haberemus
999 2287 1204 2331 unam
1269 2265 1858 2342 contrafossatam,2
1901 2287 1963 2330 v.
2030 2264 2139 2331 vel
2197 2266 2281 2330 vi.
2349 2267 2591 2352 pedum
2610 2267 2637 2306 ³

540 2369 614 2434 in
674 2369 1048 2447 latitudine,
1101 2368 1304 2454 juxta
1361 2369 1572 2454 ipsam
1635 2389 1947 2454 magnam
2008 2367 2338 2446 fossatam,
2399 2371 2457 2435 si
2516 2371 2639 2436 hoc

541 2473 914 2540 videremus
975 2473 1302 2560 expedire,
1349 2472 1435 2536 ad
1480 2472 1915 2537 retentionem
1975 2471 2183 2557 ipsius
2240 2495 2442 2558 aquae.
2530 2474 2637 2540 De

542 2597 674 2661 qna
731 2577 974 2641 iterum
1019 2597 1261 2662 magna
1325 2573 1586 2653 fossata,
1636 2580 1931 2661 tempore
1992 2573 2329 2641 Michaelis
2377 2575 2637 2644 abbatis

543 2680 604 2757 8,
650 2677 768 2742 ubi
814 2677 896 2743 de
942 2677 1138 2743 Ruda
1181 2677 1510 2756 scribitur,
1557 2682 1786 2764 postea
1828 2677 2159 2743 referetur.

539 2967 696 3035 VII.
745 2968 843 3035 De
884 2968 1186 3053 yrwnyia
1229 2967 1310 3033 de
1337 2966 1717 3047 Amallia;
1764 2974 1824 3033 ct
1852 2966 2060 3034 terris
2090 2974 2149 3033 et
2194 2967 2635 3037 &emmena-3⁴

833 3072 922 3139 in
977 3070 1438 3159 Westheytfeld,
1483 3070 1919 3158 Estheitfhldj‘
1966 3076 2025 3136 et
2068 3070 2335 3139 Seto‘na.

625 3247 773 3314 Hoc
834 3253 1147 3334 tempore,
1213 3244 1530 3312 Rioberus
1600 3246 1680 3311 de
1741 3245 2063 3327 Arnallia,
2126 3244 2208 3313 de
2271 3269 2401 3334 quo
2464 3270 2632 3334 prae-
2656 3248 2913 3303 Araunia.

536 3350 827 3430 dicitur,⁶
874 3350 1064 3416 dedit
1121 3349 1316 3415 nobis
1375 3350 1539 3415 duas
1597 3348 1891 3416 culturas
1935 3356 2131 3417 terrae
2192 3352 2265 3417 in
2308 3352 2630 3431 Arnallia,
2655 3326 2969 3447 gil-&mm

533 3458 742 3519 totam
804 3452 1116 3519 videlicet
1177 3456 1424 3518 terram
1487 3474 1634 3538 quae
1677 3452 1812 3518 fuit
1879 3453 1961 3519 de
2021 3453 2211 3520 feodo
2270 3476 2408 3533 suo,
2454 3455 2631 3520 inter
2656 3462 2715 3512 or
2728 3464 2930 3517 Amall-

538 3556 704 3622 duas
747 3555 994 3621 divisas
1037 3578 1192 3621 suas
1233 3555 1737 3643 propinquiores
1788 3556 2117 3622 territorio
2162 3557 2245 3622 de
2292 3556 2627 3636 Restona‚⁷

533 3680 618 3725 ex
661 3662 943 3744 utraque
987 3662 1174 3744 parte
1219 3658 1417 3735 villae,
1462 3680 1670 3746 usque
1729 3660 1816 3724 ad
1878 3658 2123 3724 divisas
2184 3660 2625 3726 dominiorum

532 3760 996 3848 adjacentium,
1043 3782 1188 3826 cum
1251 3783 1600 3827 communa
1645 3762 1921 3827 marisci.
2014 3761 2105 3829 Et
2164 3784 2283 3849 pro
2328 3763 2627 3850 parcellis

535 3864 864 3929 dictarum
953 3872 1280 3929 terrarum
1370 3863 1558 3929 dedit
1647 3863 2041 3931 rationabile
2061 3862 2087 3901 ⁸
2162 3865 2577 3931 excambium
2598 3864 2627 3905 ⁹

533 3966 761 4033 liberis
807 3966 1186 4032 hominibus
1243 3966 1380 4031 suis
1424 3967 1540 4053 qui
1599 3970 1845 4032 ten-am
1890 3966 2069 4033 inter
2128 3967 2336 4033 dictas
2382 3968 2627 4036 divisas

1644 4125 1916 4131 --—-.—--
2029 4127 2037 4130 -
2107 4127 2197 4133 --—--
2235 4128 2493 4135 ---.—-..>-·—-
2525 4129 2622 4136 -—--

599 4212 612 4242 ¹
655 4208 876 4277 velimus]
902 4210 1216 4268 haberemus,
1238 4209 1298 4260 P.
1692 4211 1712 4239 ⁸
1743 4209 1897 4259 Aster
1944 4208 2237 4276 proedicitur
2291 4211 2461 4273 insert,
2514 4224 2631 4279 post

597 4291 618 4319 ²
651 4291 802 4341 Alter
831 4290 1236 4355 contrasouatam
1264 4290 1425 4340 insert
1448 4289 1535 4341 ha·
1625 4288 1989 4339 successionem
2012 4289 2206 4339 abbatis
2230 4289 2441 4343 Thomae
2464 4298 2511 4355 3,
2534 4294 2595 4347 P.

529 4368 745 4430 benum,
767 4370 828 4421 P.
1690 4369 1708 4397 ²
1741 4366 1987 4433 Renoua]
2016 4368 2261 4433 Bystona,
2284 4370 2343 4420 P.

599 4448 620 4476 ⁸
643 4448 848 4515 pedum]
874 4450 1038 4513 pedes,
1061 4448 1120 4500 P.
1688 4448 1707 4477 ⁸
1740 4445 2055 4514 rationabile]
2074 4448 2425 4501 rationabilem
2438 4450 2492 4501 in
2505 4453 2628 4505 both

602 4532 620 4561 ⁴
649 4528 735 4578 De
753 4530 962 4593 yranyia
996 4566 1010 4579 .
1047 4565 1060 4579 .
1096 4566 1110 4579 .
1137 4528 1432 4594 tenementis]
1451 4528 1533 4578 De
1619 4525 1774 4577 MSS.

531 4608 676 4659 terris
700 4614 752 4658 et
771 4608 1070 4658 tenementis
1091 4608 1146 4657 in
1168 4608 1418 4669 Arnallia,
1438 4607 1500 4658 P.
1686 4608 1706 4637 ⁹
1725 4606 1881 4656 After
1895 4606 2179 4657 escambium
2198 4609 2372 4673 insert,
2388 4610 2629 4665 videlicet

596 4689 617 4717 ⁸
649 4684 972 4752 Estheigfeld]
1011 4686 1342 4752 Fatheytfeld,
1372 4686 1428 4737 in
1462 4686 1530 4739 all
1619 4701 1788 4737 acram
1810 4701 1901 4752 pro
1923 4702 2056 4749 acra,
2080 4688 2131 4739 in
2166 4691 2341 4741 eodem
2374 4692 2628 4743 territorio

529 4766 795 4829 inntanees,
817 4764 876 4816 Ρ.
1619 4768 1683 4817 de
1704 4766 1958 4829 Arnallia,
1982 4767 2039 4820 P.

2308 4868 2361 4918 U
