3519 5734
798 813 928 877 160
1191 821 1197 887 j
1316 829 1682 880 PHILIPPUS
1726 827 1946 880 ABBAS
1991 830 2366 881 SECUNDUS.

458 1003 751 1058 A·D-1160
791 1005 1004 1070 milite
1071 1027 1189 1093 per
1250 1007 1598 1072 servitium
1659 1007 1962 1086 militare,
2012 1013 2084 1074 et
2144 1030 2305 1094 quas
2367 1008 2541 1072 idem
2605 1005 2884 1074 Petrus¹

458 1077 637 1126 -1182,

452 2140 737 2209 Fachedyk.

456 2555 682 2611 Suttona.

454 2976 674 3041 Saltagh.

790 1130 939 1172 cum
984 1109 1248 1196 reliquis
1292 1111 1484 1176 terris
1504 1109 1539 1180 ²,
1574 1111 1647 1175 in
1693 1111 2001 1198 Waghna
2044 1112 2316 1178 tenebat
2362 1112 2442 1177 de
2486 1111 2885 1177 monasterio

789 1209 1062 1290 nostro?
1104 1234 1219 1299 per
1262 1214 1593 1278 consimile
1616 1213 1642 1251 ⁴
1688 1215 2035 1280 servitium
2064 1215 2366 1279 militare.
2455 1213 2518 1277 A
2563 1235 2694 1300 quo
2739 1213 2884 1299 qui-

790 1314 938 1379 dem
988 1314 1182 1380 Petro
1226 1338 1346 1382 nos
1391 1317 1951 1383 confirmationem
2013 1317 2274 1382 illarum
2335 1317 2616 1381 duarum
2683 1316 2884 1381 bova-

787 1423 1008 1483 tarum
1071 1422 1264 1484 terrae
1332 1441 1745 1506 ceperamus;
1811 1420 1987 1486 unde
2004 1419 2031 1455 ⁵
2096 1421 2225 1486 duo
2271 1420 2446 1486 tofta
2488 1420 2574 1484 ad
2619 1419 2881 1484 easdem

787 1521 952 1586 duas
994 1520 1273 1587 bovatas
1318 1525 1511 1589 terrae
1571 1523 1978 1610 pertinentia
2037 1524 2248 1588 eidem
2295 1523 2492 1589 Petro
2537 1522 2881 1588 relaxaba-

788 1645 949 1700 mus,
997 1623 1085 1689 ad
1128 1623 1501 1690 faciendum
1570 1631 1790 1692 totum
1857 1625 2250 1691 forinsecum
2294 1626 2642 1691 servitium
2703 1626 2882 1711 quod

787 1725 868 1792 de
911 1727 1073 1813 ipsis
1116 1727 1371 1792 duabus
1415 1728 1677 1794 bovatis
1721 1735 1914 1795 terrae
1959 1729 2336 1795 debebatur.
2438 1728 2571 1809 Qui
2614 1728 2882 1815 quidem

788 1829 1023 1894 Petrus
1068 1834 1203 1894 tres
1248 1831 1550 1896 selliones
1602 1837 1797 1898 terrae
1858 1831 2062 1918 priua„
2109 1836 2176 1897 et
2221 1837 2448 1919 postea
2490 1835 2704 1898 totam
2748 1837 2881 1897 ter-

785 1953 928 1996 ram
973 1954 1162 1997 suam
1229 1932 1311 1998 de
1332 1933 1359 1970 ⁰
1420 1934 1625 2012 Lund,
1697 1935 1769 1998 in
1836 1935 2230 2000 escambium
2295 1934 2485 2000 nobis
2553 1933 2882 2017 contulit?

787 2039 854 2099 et
900 2036 987 2100 ad
1029 2035 1403 2101 faciendum
1449 2036 1771 2104 fossatum
1839 2039 1910 2102 in
1976 2038 2165 2104 feodo
2209 2060 2327 2104 suo
2371 2061 2487 2126 per
2531 2038 2876 2104 mariscum

788 2139 869 2204 de
913 2137 1223 2226 Waghna
1266 2161 1471 2225 usque
1517 2140 1589 2205 in
1635 2140 1937 2221 Rullum,
1971 2141 2057 2206 ad
2099 2143 2461 2208 necessaria
2504 2147 2731 2208 nostra
2763 2164 2882 2228 per

786 2243 1037 2308 dictum
1080 2242 1399 2307 fossatum
1466 2244 1972 2325 transvehenda,
2018 2267 2203 2336 enam
2265 2246 2596 2312 licentiam
2641 2245 2878 2332 imper-

785 2345 959 2410 tivit.
1044 2345 1229 2410 Tunc
1260 2346 1525 2432 quidem
1542 2345 1567 2383 ⁸
1613 2347 1974 2434 incepimus
1999 2345 2024 2383 ⁹
2068 2347 2276 2412 facere
2319 2347 2564 2414 ibidem
2586 2345 2638 2385 ¹⁰
2681 2347 2880 2414 fossa·-

780 2455 929 2514 tum
998 2450 1171 2537 quod
1238 2472 1413 2516 nunc
1478 2449 1835 2536 Eschedyk
1895 2456 2332 2537 nuncupatur.
2425 2451 2577 2539 Ipse
2621 2473 2877 2538 quoque

782 2551 1105 2618 Rainerus
1152 2554 1232 2619 de
1280 2553 1571 2620 Suttona
1603 2553 1895 2640 quinque
1927 2576 2107 2620 acras
2151 2555 2330 2640 prati
2373 2555 2438 2618 in
2491 2555 2878 2632 FeltholmO,

782 2659 851 2721 et
896 2659 1114 2721 totum
1161 2662 1418 2742 pratum
1469 2656 1644 2741 quod
1690 2655 1931 2721 habuit
1990 2657 2077 2720 ad
2136 2655 2573 2742 aquilonalem
2617 2661 2876 2743 partem

782 2758 978 2824 crofti
1008 2758 1185 2843 quod.
1214 2759 1545 2844 quondam
1574 2757 1705 2824 fuit
1736 2759 2013 2824 Herveii
2044 2759 2123 2824 de
2156 2758 2363 2823 Hullo
2394 2758 2466 2823 in
2514 2757 2870 2839 Suttona,¹¹

785 2884 902 2947 pro
948 2861 1083 2925 xiv.
1131 2860 1357 2926 solidis
1424 2861 1614 2927 nobis
1682 2863 2166 2949 imperpetuum
2229 2861 2638 2929 concedebat.
2730 2863 2876 2930 Hoc

786 2985 1042 3049 quoque
1104 2968 1412 3050 tempore,
1486 2966 1727 3043 Simon,
1795 2965 2113 3030 Ricardus
2172 2970 2241 3031 et
2285 2964 2696 3044 willielmus,
2752 2967 2876 3031 filii

785 3066 1146 3146 Willielmi,
1216 3066 1339 3131 filii
1403 3066 1683 3131 Aschilli
1758 3068 1840 3131 de
1905 3067 2206 3147 Hedona,
2263 3066 2376 3153 jus
2449 3056 2522 3133 in
2582 3070 2874 3135 manerio

784 3173 1008 3235 nostro
1056 3169 1137 3234 de
1183 3168 1476 3256 Saltagh‚
1506 3169 1660 3234 licet
1704 3168 2052 3249 immerito,
2086 3172 2526 3238 vindicarunt.
2622 3172 2875 3252 Quibus

781 3278 1007 3338 tamen
1030 3272 1079 3310 ¹²
1124 3272 1467 3338 duodecim
1512 3295 1764 3339 marcas
1827 3279 1895 3339 et
1961 3274 2303 3339 dimidiam
2363 3274 2762 3354 dederamuS,
2808 3282 2876 3343 et

781 3376 1255 3444 relaxationem
1300 3376 1385 3441 ab
1433 3377 1526 3442 eis
1571 3400 1689 3465 pro
1734 3382 2053 3465 perpetuo
2098 3399 2486 3467 ceperamus,

848 3703 859 3732 ¹
898 3710 943 3751 et
976 3739 987 3751 .
1013 3740 1025 3751 .
1051 3700 1253 3768 Petrus]
1280 3703 1387 3767 ipse
1408 3708 1577 3753 tamen
1592 3704 1775 3755 Petrus
1875 3704 2304 3755 confirmationem
2326 3703 2529 3754 illarum
2545 3708 2790 3754 terrarum
2808 3704 2872 3755 ab

780 3783 977 3831 tenebat
1000 3782 1134 3846 ipsas
1156 3786 1325 3842 terras,
1354 3782 1407 3833 P.
1873 3800 1932 3835 eo
1955 3800 2258 3849 ceperamus.
2325 3784 2433 3834 Nos
2455 3790 2638 3845 tamen,
2663 3784 2720 3835 P.

846 3864 865 3891 ‘²
898 3860 1052 3911 After
1076 3861 1218 3911 terris
1238 3861 1393 3912 insert
1416 3864 1535 3923 suis,
1559 3865 1617 3913 Ρ.
1941 3866 1960 3893 ⁶
1994 3862 2077 3929 de]
2118 3865 2215 3923 del,
2239 3864 2298 3915 P.

846 3944 865 3971 ³
900 3940 1086 3992 tenebat
1118 3976 1133 3991 .
1167 3978 1181 3992 .
1217 3979 1230 3991 .
1265 3942 1451 4007 nostro]
1493 3944 1553 3991 de
1575 3956 1774 3991 monas·
1886 3974 1894 3982 -
1942 3944 1958 3971 ⁷
1993 3940 2218 4009 contulit]
2257 3944 2511 4007 erogabat,
2534 3941 2593 3993 P.

780 4020 907 4071 terio
929 4028 1099 4071 nostro
1122 4022 1340 4081 tenebat,
1362 4030 1417 4071 ut
1452 4023 1515 4070 de
1549 4018 1772 4084 capitali·
1946 4022 1966 4051 ⁸
1999 4020 2210 4087 quidem]
2251 4022 2444 4087 quibua
2467 4020 2530 4070 P.

779 4101 870 4151 bus
892 4100 1110 4151 dominis
1132 4101 1278 4160 feodi,
1304 4101 1363 4151 P.
1947 4103 1966 4129 ⁹
1997 4100 2290 4165 incepimus]
2331 4100 2690 4163 inceperamns,
2714 4102 2771 4151 P.

845 4183 864 4211 ⁴
896 4178 1163 4245 consimile]
1204 4181 1380 4239 simile,
1402 4180 1462 4230 P.
1943 4180 1981 4209 ¹⁰
2014 4178 2208 4244 ibidem]
2249 4180 2478 4244 wanting
2501 4181 2556 4229 in
2579 4182 2638 4232 P.

844 4262 865 4291 ⁸
898 4262 947 4310 A
970 4277 1062 4324 quo
1097 4299 1109 4309 .
1146 4298 1158 4309 .
1195 4298 1208 4309 .
1244 4260 1393 4325 uncle]
1436 4260 1534 4311 Sed
1568 4274 1633 4309 ne
1670 4258 1775 4308 dic·
1943 4260 1976 4289 ¹¹
2013 4262 2063 4307 in
2091 4258 2325 4324 Suttona]
2365 4260 2591 4326 wanting
2611 4260 2663 4311 in
2688 4262 2746 4309 P.

781 4346 861 4389 tus
901 4340 1081 4390 Petrus
1117 4354 1147 4389 a
1170 4354 1261 4390 suo
1294 4340 1408 4403 jure
1442 4340 1775 4397 fraudaretur,
1945 4340 1980 4367 '²'
2014 4338 2193 4405 tanuen]
2233 4338 2459 4403 wanting
2485 4338 2538 4387 in
2563 4338 2619 4387 P.
