3519 5734
791 799 796 802 ’
841 837 972 905 322
1357 848 1787 902 numm
1826 849 2049 902 um
2088 845 2425 914 quimus.

505 1039 572 1088 A.
577 1037 642 1088 D.
674 1041 797 1092 1197
843 1027 1261 1115 Ierosolyma,
1306 1027 1382 1092 in
1426 1027 1827 1092 escambium
1890 1049 2009 1114 pro
2076 1049 2195 1093 sex
2238 1028 2407 1093 acris
2450 1033 2521 1094 et
2562 1029 2698 1096 xvi.
2742 1029 2943 1116 perti-

505 1111 687 1158 ‘¹²¹⁰
842 1135 1047 1214 catis;
1109 1139 1178 1198 et
1220 1135 1485 1197 tantam
1529 1136 1778 1196 terram
1823 1135 2077 1217 quanta
2119 1131 2414 1218 pertinet
2460 1131 2545 1197 ad
2598 1132 2945 1198 dimidiam

841 1241 1214 1304 carucatam
1255 1239 1567 1302 nostram.
1683 1233 1987 1300 Fecimus
2032 1233 2277 1300 iterum
2339 1257 2488 1318 cum
2554 1235 2733 1302 dicto
2780 1233 2945 1300 Wil-

839 1340 1063 1405 lielmo
1108 1338 1529 1418 escambium,
1573 1338 1674 1404 ita
1735 1335 1914 1424 quod
1976 1357 2187 1404 unum
2255 1337 2503 1404 toftum
2564 1339 2649 1404 ab
2714 1339 2941 1406 eodem

842 1443 1224 1529 accepimus,
1271 1447 1339 1509 et
1383 1441 1518 1507 duo
1563 1440 1738 1507 tofta
1784 1461 1903 1526 pro
1947 1461 2025 1506 eo
2069 1441 2143 1506 in
2202 1441 2601 1507 escambium
2664 1443 2727 1506 ei
2792 1464 2942 1508 con-

511 1549 782 1602 Consu-uo-
845 1545 1138 1612 tulimus.
1144 1543 1163 1581 ¹
1258 1544 1543 1622 Interea,
1588 1543 2083 1610 construximus
2136 1543 2469 1630 quandam
2512 1544 2939 1624 barchariam,

505 1617 762 1751 ξὲῗζζέτζ,
843 1671 994 1736 quae
1060 1647 1276 1714 adhuc
1337 1652 1650 1726 remanet,
1695 1647 1771 1712 in
1823 1645 2129 1712 orientali
2170 1653 2361 1733 parte
2412 1647 2706 1733 ejusdem
2748 1647 2941 1716 villae.

845 1753 1267 1838 Quapropter
1331 1751 1646 1838 praefatus
1693 1749 2095 1815 willielmus
2152 1772 2274 1815 nos
2332 1751 2773 1837 inquietavit3
2831 1753 2945 1818 sed

841 1853 1120 1922 tamen⁹
1164 1853 1496 1920 amicabili
1539 1853 2013 1940 compositione
2056 1854 2157 1920 ita
2198 1854 2417 1920 fuerat
2460 1854 2944 1934 concordatum,

843 1961 1024 2048 quod
1069 1959 1388 2046 proefatus
1439 1957 1837 2022 Willielmus
1904 1961 1974 2022 et
2035 1956 2333 2023 homines
2392 1958 2500 2023 sui
2566 1956 2648 2024 de
2714 1959 2945 2026 eadem
3037 2037 3050 2056 ι

843 2065 1008 2130 villa
1050 2061 1384 2130 communi
1447 2067 1720 2150 pastura
1782 2059 2030 2145 ubique
2074 2059 2149 2124 in
2191 2061 2530 2127 territorio
2576 2062 2658 2128 de
2702 2060 2941 2128 whar-

841 2190 1043 2247 roma‚
1111 2167 1472 2234 secundum
1541 2163 1991 2251 quantitatem
2058 2169 2588 2232 tenementorum
2656 2189 2947 2248 suorum,

842 2273 1252 2361 gauderent3
1326 2269 1622 2357 exceptis
1705 2267 2005 2354 praefatis
2076 2267 2475 2356 Hallegarth
2564 2277 2635 2336 et
2724 2271 2945 2338 clauso

515 2382 545 2432 f·
565 2387 629 2432 35
655 2380 700 2434 b·
841 2376 1202 2444 berchariae
1247 2373 1660 2460 supradictas,
1703 2371 1823 2435 ubi
1876 2372 2356 2438 communicare
2406 2392 2543 2438 non
2587 2373 2949 2456 deberent3

843 2485 912 2546 et
957 2483 1232 2565 excepto
1277 2477 1456 2563 quod
1509 2477 1579 2542 in
1624 2473 2009 2540 Thornlond
2026 2471 2055 2510 ⁸
2112 2474 2336 2541 nullus
2399 2497 2649 2555 eorum,
2706 2483 2951 2565 praeter

842 2583 1056 2649 solum
1117 2581 1470 2668 praefatum
1531 2577 1969 2643 Willielmum
2031 2577 2313 2666 propriis
2374 2583 2645 2646 tantum
2706 2579 2951 2648 averiis

843 2686 1076 2752 domus
1119 2705 1272 2760 suae,
1319 2681 1798 2748 communicare
1844 2681 2128 2748 deberet.
2244 2680 2376 2760 Qui
2420 2680 2818 2750 willielmus
2878 2690 2951 2752 et

839 2788 1138 2854 homines
1168 2786 1272 2852 sui
1286 2783 1314 2822 ⁴
1361 2785 1442 2850 de
1487 2783 1765 2874 praefata
1808 2784 2101 2850 barcas-ia
2143 2785 2253 2850 vel
2296 2785 2516 2873 aliquo
2578 2785 2708 2852 alio
2770 2793 2955 2854 tene·-

766 2936 771 2943 -
841 2897 1065 2957 mento
1095 2900 1321 2955 nostro
1350 2888 1598 2954 ibidem
1615 2886 1644 2924 ⁶
1686 2888 1943 2954 nullam
1973 2890 2055 2955 de
2084 2894 2322 2957 caetero
2366 2896 2711 2957 moverent
2740 2912 2950 2979 quaes-

842 2996 1108 3061 tionem.
1198 2993 1300 3059 De
1371 2992 1640 3059 decimis
1707 2998 1935 3058 autem
2000 2992 2398 3080 praescriptae
2462 2994 2757 3081 grangiae
2776 2992 2803 3033 ⁰
2866 2994 2949 3061 de

843 3098 1236 3164 Wharroma
1295 3096 1368 3161 in
1411 3096 1716 3183 sequenti
1762 3096 2055 3181 capitulo
2116 3102 2347 3182 postea
2409 3096 2744 3165 referetur.
2836 3098 2951 3163 In-

842 3206 1041 3281 terea,
1085 3200 1286 3267 abbas
1345 3200 1484 3287 ipse
1549 3198 1935 3265 Alexander
2000 3198 2308 3265 vendidit
2368 3198 2767 3267 monialibus
2789 3200 2817 3239 ⁷
2865 3202 2951 3267 de

509 3320 726 3388 wogge-
846 3306 1065 3373 Grend
1073 3305 1174 3370 ale
1235 3303 1526 3391 quinque
1599 3293 1879 3369 bovatas
1954 3306 2154 3369 tcrrae
2228 3322 2391 3389 quas
2464 3302 2816 3371 habuimus
2872 3305 2949 3371 in

508 3389 718 3453 thou-pia.
844 3408 1400 3497 Woggethorpia3
1447 3413 1514 3473 et
1567 3406 1730 3471 alias
1782 3402 1909 3470 10⁸
1974 3404 2271 3487 bovatas,
2318 3426 2485 3491 quas
2550 3405 2802 3474 ibidem
2862 3408 2951 3475 ad

841 3514 1099 3579 firmam
1147 3512 1228 3576 de
1275 3509 1649 3597 Ingelramo
1693 3508 1777 3574 de
1826 3506 2240 3575 Mounceaux
2306 3508 2391 3574 ad
2454 3511 2813 3577 terminum
2858 3514 2945 3577 40

847 3636 1168 3683 annorum
1234 3612 1640 3694 tenebamus,
1704 3610 1899 3677 dictis
1962 3611 2356 3679 monialibus
2380 3609 2407 3649 ⁹
2474 3635 2593 3701 pro
2666 3615 2948 3682 termino

509 3734 676 3787 Knot-
850 3721 1066 3786 adhuc
1085 3716 1137 3756 ¹⁰
1183 3726 1561 3784 remanente
1592 3736 1708 3803 pro
1759 3720 2027 3782 centum
2070 3715 2303 3781 marcis
2322 3713 2370 3753 ¹¹
2418 3716 2947 3787 concedebamus.

513 3802 704 3869 ‘5³8¹e·
849 3822 1080 3888 Abbas
1139 3821 1364 3907 itaque
1433 3820 1575 3907 ipse
1618 3818 1971 3905 acquisivit
1992 3814 2043 3856 ¹²
2086 3819 2160 3885 in
2206 3818 2630 3906 Knottyngle
2676 3821 2761 3887 de
2802 3822 2951 3889 hos-

847 3926 1040 4014 pitali
1105 3924 1342 3991 Sancti
1393 3922 1577 3989 Petri
1651 3920 1934 3987 Eboraci
1996 3921 2329 4008 quandam
2384 3924 2816 4006 mansionem,
2870 3932 2951 3993 ut

890 4089 962 4097 --.-ο
981 4088 1003 4094 ο-
1022 4088 1143 4095 -—-—
2857 4088 2917 4095 -,-,,

919 4171 932 4199 ¹
969 4167 1280 4232 contulimus]
1321 4164 1718 4223 conferebamus,
1741 4164 1804 4214 P.
2012 4166 2032 4196 '¹
2064 4164 2379 4233 monialibus]
2418 4168 2687 4231 priorisse,
2710 4168 2767 4218 P.

916 4250 937 4277 ²
971 4246 1152 4311 tamen]
1193 4246 1425 4309 wanting
1447 4244 1504 4292 in
1527 4244 1586 4293 P.
2008 4246 2028 4274 ⁸
2064 4244 2152 4311 10]
2196 4250 2274 4308 13,
2298 4246 2358 4297 P.

919 4329 939 4357 ³
981 4324 1281 4389 Thornlond]
1322 4322 1638 4383 Thornlund‚
1660 4322 1721 4372 P.
2006 4326 2027 4354 ⁰
2061 4322 2209 4375 dictis
2266 4326 2584 4395 monialibus]
2648 4330 2864 4393 acceptis
2918 4345 2951 4381 a

918 4406 940 4436 ⁴
970 4404 1120 4454 Aster-
1141 4406 1221 4453 sui
1243 4403 1416 4463 insert,
1440 4401 1589 4452 nobis
1611 4402 1855 4465 promise-
1939 4403 2075 4455 dicta
2112 4404 2353 4471 priorissa
2390 4414 2592 4458 centum
2630 4408 2832 4470 marcis,
2864 4423 2949 4461 eas

853 4490 972 4535 runt
993 4484 1144 4547 quod,
1166 4483 1226 4533 P.
1938 4483 2096 4533 dictae
2122 4484 2388 4548 priorissae,
2410 4486 2475 4537 P.

920 4567 939 4594 ⁶
971 4571 1132 4613 nostro
1179 4559 1376 4625 ibidem]
1439 4562 1575 4624 quod.
1628 4566 1752 4611 tunc
1796 4561 1853 4612 in
2007 4564 2046 4593 ¹⁰
2080 4562 2235 4615 After
2258 4562 2419 4614 adhuc
2439 4564 2601 4617 insert
2620 4566 2786 4629 nobis,
2807 4566 2867 4618 P.

851 4646 1026 4695 cadem
1049 4641 1172 4691 villa
1193 4642 1499 4700 tenebamus,
1523 4638 1581 4689 P.
2008 4642 2041 4673 ¹¹
2068 4658 2167 4709 pro
2202 4683 2215 4694 .
2250 4681 2263 4695 .
2298 4644 2504 4711 mamis]
2544 4646 2775 4712 wanting
2796 4646 2851 4698 in
2872 4646 2935 4699 P.

917 4726 938 4755 ο
970 4722 1120 4773 Aster
1137 4721 1356 4791 yfanqioe
1389 4720 1547 4770 insert
1567 4726 1767 4781 nostrat,
1789 4720 1850 4770 P.
2008 4722 2047 4756 ¹²
2076 4722 2366 4790 acquisivit]
2404 4724 2707 4789 acquirebat,
2731 4726 2792 4778 P.
