3519 5734
811 839 942 904 300
1327 851 1750 904 nexamine
1792 850 2007 904 ABBAs
2050 851 2386 916 QUARTUS.

475 1027 613 1082 A.D.
641 1032 766 1083 119⁷
814 1027 1204 1095 occidentali
1229 1028 1247 1067 ¹
1297 1028 1576 1094 marisco
1624 1029 1707 1094 de
1738 1026 2051 1107 Suttona,
2082 1027 2264 1092 inter
2295 1025 2655 1113 Forthdyk
2682 1029 2750 1092 et
2780 1030 2911 1092 ter-

475 1103 712 1227 {giam
735 1177 800 1230 of
813 1153 956 1196 ram
988 1129 1267 1197 Ernaldi
1295 1130 1582 1196 hominis
1611 1130 1732 1211 sui,
1765 1130 1837 1196 in
1882 1129 2318 1218 longitudine,
2350 1135 2422 1196 et
2462 1127 2827 1196 latitudine
2868 1151 2911 1192 6

477 1242 676 1297 Sutton.
811 1234 1088 1307 flumine
1137 1235 1220 1299 de
1265 1234 1488 1314 Huno,
1535 1255 1622 1300 ex
1665 1255 1803 1298 una
1846 1239 2049 1320 parte,
2096 1255 2213 1320 per
2256 1234 2505 1299 dictum
2554 1231 2907 1315 Forthdyk

812 1359 1022 1424 usque
1065 1337 1150 1402 ad
1194 1336 1533 1422 Landsyk‚
1579 1336 1759 1423 quod
1818 1341 1920 1402 est
1980 1337 2161 1402 inter
2204 1335 2617 1402 Sefbolmum
2664 1343 2735 1408 et
2777 1335 2911 1399 dic-

813 1446 958 1506 tum
1026 1439 1426 1519 mariscum?
1490 1444 1557 1504 et
1623 1459 1708 1504 ex
1784 1438 1995 1504 altera
2056 1443 2247 1525 parte
2312 1437 2673 1504 secundum
2735 1439 2911 1524 quod

813 1543 1178 1609 communis
1223 1543 1460 1618 61111116,
1506 1540 1622 1627 qui
1667 1543 1773 1606 est
1817 1541 1997 1605 inter
2028 1539 2508 1625 Hemeyscrost
2551 1545 2621 1606 et
2663 1546 2911 1605 terram

814 1646 1077 1734 praefati
1123 1644 1422 1722 Ernaldi,
1469 1647 1652 1710 recta
1717 1641 1898 1708 linea
1966 1643 2154 1708 ducit
2220 1643 2307 1708 ab
2368 1643 2597 1708 eodem
2640 1642 2911 1708 flumine

814 1749 896 1814 de
942 1747 1150 1813 Hullo
1193 1767 1402 1833 usque
1447 1745 1534 1811 ad
1578 1746 1969 1832 praedictum
2018 1745 2352 1830 Landsyk.
2446 1745 2666 1824 Quam
2710 1747 2911 1811 dona-

813 1851 1064 1916 tionem
1087 1848 1115 1886 ⁸
1159 1849 1353 1914 nobis
1396 1854 1578 1914 carta
1603 1869 1724 1913 sua
1770 1853 1839 1914 et
1882 1847 2155 1935 insuper
2184 1848 2517 1935 legatione
2558 1849 2663 1914 sui
2706 1853 2913 1914 testa-

814 1952 1026 2018 menti
1069 1951 1506 2017 confirmavit.
1627 1950 1728 2016 De
1794 1971 1925 2036 quo
1988 1951 2255 2036 quidem
2316 1951 2593 2034 marisco
2638 1955 2869 2038 postea
2887 1950 2914 1988 ⁴

814 2052 1132 2141 praefatus
1176 2053 1443 2118 Saierus
1461 2051 1489 2088 ⁵
1534 2074 1658 2118 nos
1676 2052 1704 2091 ⁰
1764 2051 2098 2139 spoliavit,
2162 2051 2378 2119 sicut⁷
2438 2053 2512 2118 in
2569 2059 2868 2139 tempore
2886 2050 2914 2088 ⁸

479 2165 668 2216 Granta
817 2157 1123 2244 Hugonis
1165 2155 1425 2221 abbatis
1470 2155 1691 2241 quinti
1719 2153 1747 2192 ⁹
1792 2154 2125 2220 reseretur.
2218 2155 2546 2221 Dominus
2574 2156 2622 2221 J
2625 2157 2914 2220 ohannes

478 2231 619 2348 {¹3¹1}
635 2231 718 2349 {ig
816 2262 898 2326 de
961 2259 1169 2324 Melsa
1243 2258 1430 2324 dedit
1493 2258 1682 2323 nobis
1751 2279 1869 2324 sex
1936 2279 2121 2323 acras
2188 2259 2364 2345 prati
2426 2258 2499 2323 in
2562 2259 2914 2344 Newenge,

477 2365 656 2417 Melan.
803 2363 1012 2449 juxta
1078 2360 1437 2427 Westcroft
1503 2360 1582 2425 de
1657 2360 1965 2437 Suttona,
2029 2360 2116 2424 ad
2188 2381 2480 2425 annuam
2554 2360 2913 2446 pitanciam

480 2495 704 2548 Thomas
727 2497 790 2548 de
814 2463 1170 2532 conventui
1199 2463 1585 2530 faciendam.
1679 2461 1887 2548 Cujus
1917 2463 2282 2527 avunculus
2310 2462 2595 2528 Thomas
2624 2462 2909 2540 clericae,

475 2563 654 2616 Melea.
811 2568 1018 2634 stater
1063 2567 1315 2632 domini
1387 2566 1667 2632 Roberti
1711 2565 1795 2630 (16
1841 2565 2069 2645 Melea,
2114 2565 2232 2652 qui
2290 2565 2563 2653 grandis
2632 2566 2912 2630 auctori-

812 2670 978 2736 tatis
1023 2676 1092 2736 et
1137 2691 1526 2758 magnarum
1571 2689 1773 2756 opum
1804 2667 1915 2732 vir
1944 2673 2103 2746 erat,
2134 2667 2317 2733 dedit
2361 2668 2555 2733 nobis
2601 2667 2915 2754 quicquid

817 2772 1110 2860 pertinet
1149 2773 1234 2837 ad
1280 2772 1550 2837 tertiam
1594 2775 1855 2858 partem
1898 2771 2107 2834 trium
2160 2769 2557 2836 bovatamm
2604 2775 2798 2837 terrae
2842 2771 2915 2835 in

815 2874 1200 2961 praescripto
1246 2873 1626 2939 Westkerre
1674 2873 1755 2938 de
1802 2872 2093 2939 Suttona
2144 2872 2350 2960 juxta
2394 2872 2792 2958 Forthdyk3
2846 2878 2913 2939 et

814 2982 1040 3045 totum
1067 2980 1333 3064 pratum
1364 2976 1543 3063 quod
1572 2982 1854 3041 vocatur
1878 2976 1944 3041 16
1970 2974 2021 3013 ¹⁰
2054 2975 2293 3062 Gayre,
2324 2977 2412 3041 ad
2440 2975 2913 3042 occidentalem

818 3084 1076 3167 partem
1121 3078 1302 3145 villae
1348 3079 1431 3143 de
1477 3078 1787 3158 Suttona,
1820 3078 2009 3143 nobis
2052 3079 2542 3166 imperpetuum
2584 3079 2915 3165 erogabat.

480 3198 729 3253 Benedict
821 3182 914 3251 Et
958 3183 1358 3249 Benedictus
1401 3180 1484 3248 de
1530 3180 1898 3247 Sculcottes
1944 3180 2131 3247 dedit
2175 3181 2367 3246 nobis
2410 3186 2627 3247 totam
2667 3188 2913 3247 terram

482 3266 718 3382 ‹clgttseeul-
819 3291 889 3353 et
929 3292 1273 3374 pasturam
1332 3306 1532 3372 quam
1593 3282 1833 3348 habuit
1874 3282 1948 3346 in
1990 3282 2133 3349 loco
2178 3284 2575 3371 supradicto.
2668 3283 2915 3350 Radal-

479 3398 582 3449 and
603 3348 773 3466 ss’fflph
817 3390 989 3477 phus
1034 3410 1294 3475 quoque
1339 3388 1520 3453 filius
1565 3385 1840 3450 Raineri
1886 3385 1970 3472 de
2018 3384 2326 3466 Suttona,
2375 3388 2456 3452 de
2501 3408 2633 3473 quo
2679 3386 2917 3473 praedi-

481 3466 544 3515 ‘³⁶
566 3464 764 3521 sumn·
819 3493 1013 3572 citur,
1061 3490 1247 3557 dedit
1288 3489 1482 3556 nobis
1529 3497 1858 3575 quantum
1905 3492 2104 3553 terrae
2164 3488 2403 3555 habuit
2444 3490 2783 3577 pertinens
2826 3489 2916 3553 ad

820 3598 1105 3680 quatuor
1148 3593 1430 3658 bovatas
1489 3596 1684 3657 terrae
1733 3589 1939 3675 juxta
1984 3589 2348 3679 Fo11thdyk.
2463 3591 2669 3678 Cujus
2713 3592 2918 3657 frater

820 3696 1150 3762 Robertus
1213 3693 1531 3780 quicquid
1591 3691 1834 3757 habuit
1892 3690 2145 3757 ibidem
2212 3692 2407 3759 nobis
2458 3692 2713 3761 dedit.¹¹
2816 3695 2917 3761 De

819 3820 948 3886 qua
990 3795 1258 3885 quidem
1301 3802 1576 3883 pastura
1619 3794 1702 3861 de
1731 3794 2113 3862 Westkerre
2156 3796 2567 3885 temporibus
2594 3796 2917 3865 abbatum

817 3900 1361 3989 subsequentium
1404 3904 1632 3987 postea
1676 3896 2016 3963 referetur.

883 4207 899 4236 ¹
933 4202 1246 4269 occidentali]
1272 4201 1497 4267 wanting
1517 4200 1572 4251 in
1593 4200 1653 4252 P.
1980 4200 2001 4229 ⁶
2034 4198 2190 4251 Aster
2213 4198 2422 4251 Saierua
2454 4202 2613 4254 insert
2640 4203 2775 4256 filins
2794 4204 2918 4257 dicti

881 4311 903 4341 2
934 4316 983 4360 ος
1015 4346 1028 4359 .
1065 4345 1080 4359 .
1125 4343 1141 4359 .
1183 4307 1469 4373 κιαι-11101116]
1519 4304 1820 4357 substituted
1916 4277 2161 4388 Affm'ffi’
2184 4280 2246 4330 P·
2318 4360 2329 4372 .
2587 4362 2600 4375 .
2640 4361 2651 4375 .
2699 4363 2711 4377 .
2788 4364 2801 4377 .

816 4389 893 4438 for
915 4394 966 4438 et
995 4394 1180 4437 terram
1213 4384 1454 4436 arabilem
1488 4385 1551 4435 (16
1589 4383 1819 4449 suttona,
2032 4358 2185 4449 ‘qne‘
2206 4375 2293 4409 '⁸⁰⁸
2314 4368 2472 4413 mmm
2485 4366 2545 4413 Π*
2558 4364 2655 4414 ⁸¹b¹
2676 4363 2916 4427 hbmt’P·

815 4484 844 4519 e
965 4468 1003 4528 ἃ,
1025 4466 1086 4518 P·
1982 4439 2000 4466 ⁷
2031 4436 2184 4503 mut]
2210 4439 2359 4501 unde,
2381 4440 2443 4490 P.

1267 4569 1279 4582 .
1425 4568 1438 4581 ⁶
1982 4516 2003 4545 ⁸
2033 4516 2185 4567 Aster
2208 4524 2413 4584 tempore
2430 4518 2588 4571 insert
2607 4521 2816 4585 domini,
2838 4523 2899 4575 P.

881 4574 902 4604 ⁸
933 4570 1089 4623 After
1108 4568 1410 4619 donalwnem
1423 4574 1582 4621 maort
1603 4570 1666 4621 ‘10
1687 4583 1817 4635 1³¹·ae-
1980 4598 2001 4626 ⁰
2032 4596 2187 4647 After
2205 4599 2365 4663 quinti
2384 4598 2545 4651 insert
2562 4606 2755 4666 postea,
2774 4602 2836 4653 P.

817 4654 954 4705 dicto
974 4649 1207 4711 marisco,
1229 4648 1292 4699 Ρ·
1982 4678 2021 4707 ¹⁰
2048 4674 2119 4743 le]
2146 4678 2375 4745 wanting
2394 4678 2448 4728 in
2469 4680 2531 4730 P.

886 4760 904 4787 ⁴
931 4757 1128 4824 postea]
1155 4753 1381 4820 wanting
1399 4754 1454 4804 in
1476 4754 1534 4805 P.
1982 4758 2016 4787 ¹¹
2052 4755 2209 4823 dedit]
2236 4756 2421 4810 iterum
2444 4760 2765 4824 concedebat,
2786 4762 2847 4813 P.
