3519 5734
765 826 896 889 216
1289 840 1662 890 PHILIPPUS
1707 838 1924 891 Annas
1967 841 2345 893 SECUNDUS.

427 1014 571 1068 Aa).
599 1020 728 1067 1154
767 1013 907 1079 Sed,
945 1030 1090 1087 rege
1125 1014 1386 1071 Henrico
1423 1016 1654 1072 seniore
1691 1016 1907 1073 Sancto
1958 1016 2209 1090 martyri
2258 1017 2499 1073 Thomoe
2542 1034 2653 1090 per
2684 1016 2873 1089 poeni-

428 1089 616 1137 4184.
765 1098 1012 1155 tentiam
1063 1099 1458 1165 reconciliate,
1497 1101 1607 1156 filii
1662 1100 1756 1157 sui
1804 1106 1867 1157 et
1912 1118 2017 1157 rex
2066 1102 2333 1157 Franciae
2382 1120 2419 1157 a
2466 1103 2873 1174 persecutione

766 1189 1091 1240 cessarunt.
1165 1184 1296 1239 Rex
1343 1184 1564 1241 Scocioe
1613 1185 1773 1259 apud
1804 1185 2093 1257 Alnewyk
2138 1193 2199 1242 et
2243 1187 2486 1243 comites
2532 1187 2607 1242 de
2642 1186 2877 1243 Oestria

769 1272 831 1323 et
887 1267 1231 1339 Leycestria
1289 1270 1432 1325 alibi
1493 1272 1650 1341 capti
1711 1270 1968 1326 fuerunt.
2066 1269 2427 1327 willielmus
2484 1288 2591 1327 rex
2652 1270 2874 1327 Scociae

769 1352 1005 1408 devenit
1037 1353 1212 1409 homo
1245 1354 1442 1426 legius
1477 1356 1640 1425 regis
1664 1354 1921 1427 Angliae‚
1950 1359 2010 1409 et
2044 1354 2207 1411 dedit
2240 1354 2298 1409 ei
2330 1373 2439 1426 pro
2470 1354 2874 1428 redemptione

774 1454 882 1491 sua
967 1436 1477 1503 Nerthumbriam,
1552 1438 1994 1494 Westmerland
2080 1443 2143 1493 et
2212 1438 2623 1504 Comberland,
2698 1440 2875 1511 eique

435 1543 628 1596 (3¹21,ss
768 1521 1112 1592 homagium
1161 1522 1322 1579 fecit.
1399 1522 1475 1577 In
1525 1528 1796 1594 tempore
1848 1528 2041 1577 autem
2100 1521 2247 1578 dicti
2300 1520 2527 1578 abbatis
2588 1522 2872 1596 Philippi,

431 1611 568 1661 stom
768 1604 927 1659 idem
975 1623 1082 1661 rex
1127 1606 1428 1662 Henricus
1479 1607 1674 1661 senior
1708 1606 2155 1663 conventionem
2203 1623 2334 1677 quae
2370 1606 2525 1661 facta
2558 1606 2675 1662 fuit
2720 1606 2877 1662 inter

435 1677 616 1743 Hem?
631 1676 704 1728 11·
768 1690 1158 1747 willielmum
1211 1690 1268 1747 le
1321 1690 1509 1747 Groos
1561 1691 1839 1747 comitem
1868 1689 2284 1756 ‘Albemarliae,
2324 1690 2693 1746 fundatorem
2742 1707 2875 1745 nos·

435 1792 473 1845 ς,
496 1798 580 1845 24,
770 1781 950 1841 m,
990 1782 1051 1831 et
1087 1776 1128 1830 J
1129 1776 1416 1831 ohannem
1453 1776 1526 1830 dc
1561 1776 1771 1840 Melsa,
1800 1775 1873 1830 de
1910 1774 2201 1831 escambio
2238 1774 2311 1829 de
2334 1774 2525 1829 Melea
2548 1779 2607 1830 et
2629 1774 2873 1845 Bewyk,

773 1865 833 1916 et
866 1865 1058 1915 terras
1095 1861 1160 1915 in
1193 1860 1564 1925 When-ema,
1602 1860 1865 1916 Wartria
1900 1864 1961 1914 et
1994 1856 2501 1923 Blaunchemarle,
2538 1858 2707 1914 nobis
2744 1875 2877 1914 con-

772 1944 1063 2010 firmavit3
1113 1943 1282 1999 nobis
1333 1944 1490 1999 ultra
1542 1942 1863 1999 concedens
1912 1942 2069 2015 quod
2120 1960 2246 2006 nos,
2298 1941 2583 2008 homines,
2624 1943 2763 2015 equi
2818 1947 2879 1998 et

771 2046 868 2084 res
905 2034 1139 2093 nostrae,
1196 2028 1271 2083 de
1320 2028 1598 2093 theloni0‚
1652 2026 1931 2100 passagio
1982 2032 2043 2082 et
2092 2026 2387 2099 pontagio,
2440 2032 2504 2083 et
2552 2028 2712 2083 omni
2761 2027 2879 2083 alia

774 2112 1214 2178 consuetudine,
1255 2111 1432 2167 liberi
1465 2129 1844 2176 maneamus3
1884 2116 1946 2166 at
1982 2112 2140 2181 quod
2172 2128 2278 2167 nos
2314 2110 2512 2167 curias
2547 2116 2779 2167 nostras
2814 2110 2879 2165 in

775 2196 1046 2252 omnibus
1084 2196 1392 2252 dominicis
1427 2196 1604 2251 terris
1642 2200 1702 2250 et
1735 2194 1881 2251 locis
1916 2195 2154 2260 nostris,
2195 2212 2329 2250 cum
2376 2194 2671 2249 universis
2708 2194 2879 2251 foris·

771 2281 1018 2337 facturis
1056 2280 1445 2351 fugitivorum
1481 2284 1541 2335 et
1576 2279 1854 2344 felonum,
1896 2284 1957 2334 et
1990 2296 2126 2334 cum
2160 2278 2545 2350 infangtheof,
2585 2284 2648 2334 et
2690 2280 2881 2335 assisa

771 2365 941 2436 panis
978 2370 1039 2421 et
1073 2364 1361 2429 cervisiae,
1401 2368 1463 2418 et
1501 2363 1692 2418 libera
1740 2362 2107 2418 ordinatione
2142 2362 2513 2429 ballivorum,
2540 2362 2880 2419 conestabu-

769 2450 984 2515 lorum,
1023 2456 1084 2504 et
1119 2448 1368 2503 aliorum
1405 2447 1813 2503 ministrorum
1835 2454 2189 2511 nostrorum,
2218 2466 2354 2503 cum
2376 2447 2566 2503 libera
2592 2447 2880 2518 justifica-

770 2534 928 2590 tione
965 2539 1028 2589 et
1062 2532 1400 2588 executione
1437 2531 1511 2586 ad
1545 2532 1855 2603 proemissa
1878 2530 2295 2603 spectantibus,
2325 2536 2386 2586 et
2408 2531 2878 2587 amerciamentis

771 2624 833 2675 et
885 2616 1276 2673 forisfacturis
1335 2615 1675 2681 eorundem,
1737 2616 1960 2686 ubique
2006 2615 2161 2671 infra
2218 2621 2406 2671 metas
2460 2620 2755 2671 terrarum
2816 2621 2879 2672 et

435 2714 578 2780 1305,
600 2731 714 2767 m.
769 2702 1034 2757 locorum
1079 2706 1414 2756 nostrorum
1473 2700 1659 2754 libere
1720 2716 1993 2755 exercere
2053 2699 2373 2755 valeamus.
2476 2700 2517 2754 J
2516 2698 2673 2755 udaei
2721 2700 2879 2771 apud

433 2782 582 2832 cified
603 2784 674 2849 by
773 2784 1150 2841 Gloverniam
1185 2802 1438 2855 puerum
1476 2783 1792 2854 quemdam
1828 2781 2258 2847 crucifixerunt,
2296 2788 2358 2839 et
2392 2782 2575 2838 alium
2624 2800 2875 2855 puerum

435 2848 590 2902 Jem·
769 2867 1027 2924 nondum
1063 2866 1374 2923 dimidium
1409 2884 1625 2922 annum
1658 2866 1973 2923 habentem
2008 2867 2164 2940 apud
2189 2866 2466 2923 Sanctum
2498 2866 2877 2923 Edmundum

771 2951 1093 3008 crudeliter
1147 2951 1504 3007 occiderunt.
1579 2951 1750 3007 Anno
1792 2953 1863 3007 10
1914 2953 2077 3024 regin
2132 2949 2399 3018 Henrici‚
2456 2951 2614 3007 circa
2669 2951 2877 3008 horam

769 3036 1042 3107 primam,
1082 3035 1198 3090 visi
1235 3041 1372 3091 sunt
1405 3036 1468 3090 in
1503 3037 1652 3092 coelo
1688 3041 1812 3091 tres
1848 3036 2058 3092 circuli
2092 3041 2155 3091 et
2188 3035 2305 3090 duo
2352 3031 2544 3102 s01es3
2600 3042 2662 3092 et
2700 3037 2877 3092 draco

771 3119 936 3174 mirae
971 3118 1398 3192 magnitudinis
1420 3120 1585 3176 visus
1623 3126 1715 3176 est
1749 3121 1907 3192 apud
1933 3119 2207 3176 Sanctam
2232 3120 2501 3175 Ositham
2540 3125 2661 3176 tam
2694 3138 2877 3193 prope

771 3209 990 3259 terram
1041 3221 1149 3275 per
1203 3222 1342 3259 aera
1375 3203 1539 3270 ferri,
1579 3204 1734 3276 quod
1788 3221 1859 3258 ex
1917 3204 2106 3276 ipsius
2158 3204 2299 3276 igne
2350 3204 2558 3261 domus
2607 3205 2879 3277 quoedam

437 3307 720 3372 mmmm-y
772 3287 1092 3344 combustae
1154 3293 1309 3344 sunt.
1406 3285 1579 3342 Anno
1639 3289 1711 3342 23
1770 3285 1933 3358 regis
1994 3287 2262 3352 Henrici‚
2324 3305 2570 3359 corpora
2626 3287 2879 3344 Arthuri

438 3375 498 3425 of
511 3373 684 3424 bodies
697 3373 758 3423 of
776 3371 1067 3443 quondam
1101 3371 1264 3442 regis
1301 3371 1613 3427 Britonum
1650 3376 1710 3426 et
1743 3370 2087 3427 Weneverae
2110 3372 2310 3428 uxoris
2347 3391 2489 3438 suae,
2516 3372 2675 3445 apud
2711 3371 2879 3428 Glas-

437 3441 637 3519 Arthffr
648 3441 750 3490 ²¹¹⁶
775 3457 1016 3522 toniam,
1080 3455 1236 3510 inter
1305 3455 1452 3511 duas
1506 3455 1770 3527 lapideas
1820 3455 2143 3526 piramides
2203 3457 2267 3511 in
2334 3462 2535 3512 sancto
2584 3456 2880 3512 cimiterio

437 3507 754 3624 guffiggn-
778 3539 1070 3609 quondam
1106 3545 1350 3602 erectae,
1377 3538 1666 3610 profundo
1700 3538 1765 3593 in
1799 3544 1961 3594 terra
1994 3539 2231 3594 circiter
2267 3539 2335 3594 15
2372 3540 2621 3612 pedibus
2658 3557 2881 3609 quercu

438 3641 586 3704 bury,
775 3639 1030 3678 concava
1085 3623 1406 3686 recondita,
1458 3629 1520 3678 et
1579 3623 1815 3694 signata
1873 3622 2042 3676 miris
2102 3621 2356 3687 indiciis,
2420 3628 2561 3678 sunt
2619 3623 2875 3680 inventa.

779 3705 964 3776 Cujus
1001 3705 1253 3760 Arthuri
1313 3723 1377 3761 os
1413 3706 1575 3761 tibiae
1613 3715 1751 3760 tunc
1790 3711 2091 3761 ostensum
2124 3706 2333 3762 tibiam
2369 3707 2432 3761 in
2468 3723 2625 3778 genu
2658 3707 2880 3778 longis-

779 3788 912 3844 simi
949 3789 1201 3844 hominis
1235 3796 1376 3845 tunc
1426 3790 1648 3862 reperti
1695 3789 1888 3845 tribus
1940 3789 2147 3861 digitis
2198 3790 2530 3846 excedebat.
2610 3789 2879 3862 Spatium

779 3890 1012 3943 quoque
1073 3872 1353 3928 intercilii
1407 3873 1562 3928 inter
1612 3873 1762 3928 duos
1822 3874 2021 3928 oculos
2073 3873 2389 3945 palmalem
2447 3874 2879 3946 longitudinem

440 3979 693 4037 Balflwin,
776 3957 1124 4013 continebat.
1200 3958 1435 4012 Mortuo
1471 3956 1728 4013 Ricardo
1753 3957 2164 4013 Cantuariensi
2188 3957 2644 4030 archiepiscope,
2670 3957 2881 4015 Balde·

442 4045 743 4108 arehbishop
773 4043 963 4097 winus
1014 4047 1156 4097 tunc
1205 4041 1639 4113 wigorniensis
1695 4041 2027 4114 episcopuS,
2070 4043 2390 4098 monachus
2447 4042 2877 4110 Cisterciensis,

443 4113 504 4163 Οἵ
519 4112 726 4163 Canter-
775 4126 1067 4196 quondam
1105 4125 1284 4180 abbas
1326 4122 1717 4196 [Fordensis],
1759 4125 1815 4180 ei
1840 4125 2143 4181 successit.
2220 4125 2311 4180 De
2348 4144 2463 4197 quo
2501 4126 2689 4182 fertur
2724 4129 2881 4200 quod

443 4181 590 4244 bury·
775 4226 812 4265 a
869 4209 966 4264 die
1025 4227 1140 4280 quo
1191 4209 1383 4265 factus
1436 4215 1528 4266 cst
1579 4208 1899 4265 monachus
1953 4227 2144 4281 usque
2194 4209 2268 4266 ad
2318 4209 2546 4266 obitum
2580 4229 2880 4284 nunquam

777 4310 980 4348 carnes
1015 4292 1373 4348 comedebat.
