3519 5734
1195 868 1564 922 PHILIPPUS
1607 843 1820 919 Anms
1866 869 2237 919 saevimus.
2628 857 2751 919 211

664 1042 822 1113 quod
875 1044 1046 1115 quasi
1081 1044 1458 1101 fantasticum
1494 1050 1554 1101 et
1587 1046 1651 1101 in
1685 1046 1801 1101 fine
1834 1052 2113 1117 tanquam
2162 1044 2237 1099 ad
2288 1043 2611 1114 longinqua
2659 1044 2756 1099 de·
2786 1050 2924 1100 A.D.
2955 1056 3074 1101 1161

661 1126 907 1182 ductum
941 1126 1158 1183 fabulae
1191 1128 1546 1185 Britannicae
1581 1129 1774 1185 adhuc
1796 1134 2111 1186 venturum
2146 1126 2564 1191 confinxerunt,
2606 1128 2761 1199 apud
2785 1122 2845 1165 -Ῑ
2859 1120 2967 1168 ¹⁷⁹·

663 1210 1033 1267 Glastoniam
1066 1212 1224 1269 inter
1259 1214 1408 1271 duas
1444 1213 1706 1286 lapideas
1746 1212 2086 1287 pyramides
2140 1212 2205 1267 in
2254 1228 2420 1267 sacro
2469 1211 2759 1267 cimiterio
2786 1209 2906 1258 thur
2926 1209 3083 1260 found

662 1295 959 1366 quondam
995 1304 1238 1363 erectae,
1277 1298 1566 1370 profunde
1601 1296 1666 1353 in
1711 1305 1890 1365 terra,
1944 1314 2166 1369 quercu
2213 1313 2465 1351 concava
2498 1295 2761 1351 recondi-

661 1384 790 1435 tum
827 1386 888 1437 et
925 1380 1225 1453 signatum
1259 1382 1429 1439 miris
1465 1382 1723 1450 indiciis,
1766 1387 1858 1439 est
1892 1382 2215 1445 inventum,
2260 1384 2319 1460 et
2352 1381 2415 1435 in
2449 1378 2759 1436 ecclesiam

656 1462 972 1520 honorifice
995 1466 1346 1522 translatum
1381 1466 1825 1537 marmoreoque
1848 1464 2076 1521 tumulo
2101 1465 2374 1520 decenter
2396 1465 2757 1521 collocatum.

660 1544 778 1601 Ubi
815 1552 876 1603 et
910 1566 1055 1604 crux
1088 1550 1366 1621 plumbea
1399 1548 1596 1623 lapide
1634 1549 1939 1622 supposito
1973 1547 2200 1603 litteras
2236 1548 2551 1620 inscriptas
2568 1546 2585 1579 ¹
2610 1548 2757 1603 inte-

657 1631 786 1687 rius
823 1630 898 1687 ad
931 1632 1189 1706 lapidem
1223 1652 1426 1690 versas
1465 1674 1480 1688 .
1519 1674 1536 1689 .
1576 1675 1590 1689 .
1626 1634 1979 1699 continebat,
2012 1636 2051 1660 ‘⁸
2066 1632 2185 1688 Hic
2222 1632 2421 1703 itaque
2438 1632 2459 1662 ²
2496 1632 2761 1705 sepultus

659 1722 694 1749 “
727 1720 828 1781 est
871 1724 1114 1782 inclitus
1150 1742 1254 1781 rex
1288 1724 1588 1782 Arthurus
1625 1744 1762 1782 cum
1796 1724 2125 1783 Wenevera
2158 1742 2340 1781 uxore
2374 1742 2483 1781 sua
2506 1726 2763 1783 secunda

2786 1342 2932 1409 bury.

663 1817 702 1845 ‘⁸
741 1818 804 1873 in
839 1818 1036 1875 insula
1069 1818 1390 1874 Avalona.'’
1467 1818 1566 1875 Sic
1593 1826 1791 1875 autem
1816 1824 1982 1875 erant
2018 1836 2155 1875 ossa
2189 1817 2491 1875 districta³
2526 1826 2594 1875 ut
2629 1818 2761 1874 duae

660 1908 862 1972 partes
918 1901 1178 1975 sepulcri
1228 1920 1438 1959 versus
1491 1911 1672 1975 caput
1719 1920 1855 1959 ossa
1888 1903 2005 1958 viri
2058 1902 2448 1968 continebant,
2490 1908 2551 1959 et
2583 1904 2762 1958 tertia

659 2004 796 2058 pars
831 2004 1042 2044 versus
1079 1986 1258 2059 pedes
1296 2006 1430 2043 ossa
1463 1988 1731 2044 mulieris
1769 1988 2072 2045 conclusit.
2144 1987 2263 2043 Ubi
2301 1992 2361 2043 et
2392 1988 2545 2043 trica
2578 2005 2760 2043 comoe

595 2100 602 2109 ·
660 2071 970 2127 muliebris
1007 2071 1161 2129 flava
1195 2089 1332 2127 cum
1367 2071 1710 2143 integritate
1745 2072 1999 2143 pristina
2034 2078 2095 2127 et
2131 2072 2323 2127 colore
2358 2076 2594 2143 reperta
2627 2072 2759 2127 fuit.

663 2154 850 2224 Quam
905 2173 1040 2211 cum
1085 2155 1405 2211 monachus
1441 2174 1596 2211 unus
1633 2155 1805 2211 avide
1842 2172 1975 2211 cum
2013 2172 2191 2211 manu
2226 2156 2582 2221 attraxisset,
2638 2162 2763 2212 tota

659 2240 860 2296 statim
895 2240 959 2296 in
993 2240 1238 2311 pulvere
1263 2238 1500 2295 decidit.
1573 2238 1865 2295 Audierat
1897 2256 2151 2311 namque
2186 2257 2290 2294 rex
2325 2240 2437 2295 iste
2461 2239 2759 2296 Henricus

657 2340 694 2378 a
730 2324 984 2395 quodam
1018 2323 1303 2379 historico
1340 2329 1576 2379 cantore
1613 2324 1973 2389 Britannico,
2013 2322 2171 2395 quod
2204 2322 2492 2395 profunde
2514 2323 2579 2377 in
2600 2328 2761 2377 terra

657 2408 891 2463 circiter
927 2408 996 2463 15
1032 2408 1212 2481 pedes
1247 2426 1462 2479 corpus
1497 2408 1748 2463 Arthuri
1784 2408 2079 2465 inveniret
2112 2408 2175 2461 in
2212 2424 2435 2478 quercu
2486 2423 2757 2462 concava.

656 2500 889 2557 Idcirco
947 2506 1146 2557 autem
1207 2496 1349 2556 tam
1393 2500 1680 2572 profunde
1732 2501 2009 2555 humatus
2058 2500 2173 2555 fuit
2220 2516 2294 2555 ne
2344 2518 2381 2555 a
2436 2498 2760 2555 Saxonibus

717 2630 732 2647 .
777 2634 790 2647 .
828 2594 1060 2649 zemulis
1113 2594 1286 2650 facile
1339 2593 1718 2665 reperiretur.
1792 2592 1871 2648 Et
1906 2592 2040 2647 ideo
2091 2580 2307 2648 litterae
2361 2592 2626 2650 veritatis
2672 2592 2760 2647 in·-

657 2675 818 2732 dices
854 2678 1102 2733 interius
1128 2696 1338 2733 versus
1373 2677 1632 2751 lapidem
1669 2677 1917 2748 sculptoe
1946 2682 2130 2732 erant.
2202 2676 2281 2732 Et
2316 2684 2409 2733 est
2440 2675 2760 2732 notandum

660 2758 820 2830 quod
872 2778 938 2815 os
987 2758 1148 2815 tibiae
1202 2760 1455 2817 Arthuri
1503 2766 1645 2817 tunc
1687 2801 1701 2815 .
1740 2802 1754 2816 .
1794 2800 1809 2815 .
1848 2765 2152 2817 ostensum
2202 2758 2413 2815 tibiam
2466 2760 2562 2815 in⁴
2600 2777 2761 2831 genu

659 2841 997 2915 longissimi
1067 2844 1322 2903 hominis
1393 2849 1531 2902 tunc
1605 2844 1830 2918 reperti
1900 2844 2091 2901 tribus
2163 2843 2371 2918 digitis
2430 2844 2761 2901 excedebat.

661 2927 935 2999 Spatium
970 2945 1202 3001 quoque
1237 2930 1520 2987 intercilii
1543 2930 1700 2986 inter
1734 2931 1883 2986 duos
1920 2929 2121 2985 oculos
2154 2929 2469 3000 palmalem
2510 2931 2767 3000 longitu-

661 3013 859 3068 dinem
894 3014 1246 3070 continebat.
1317 3015 1394 3070 In
1428 3014 1600 3087 cnjus
1637 3016 1832 3086 capite
1868 3015 2074 3070 decem
2108 3014 2424 3070 vulnerum
2462 3014 2764 3070 cicatrices

659 3097 1034 3168 apparebant,
1074 3117 1206 3172 quae
1243 3099 1440 3155 omnia
1473 3106 1690 3172 praeter
1735 3117 1921 3154 unum
1958 3098 2151 3154 solum
2188 3098 2346 3169 quod
2380 3097 2555 3154 letale
2601 3098 2762 3152 vidc-

657 3189 830 3246 batur
865 3189 928 3245 in
962 3209 1139 3247 unam
1175 3191 1512 3248 cicatricem
1547 3191 1993 3248 concurrebant.
2086 3181 2337 3248 Eodem
2381 3204 2557 3248 anno
2588 3181 2763 3248 dilu-

657 3281 844 3346 vium
917 3271 1172 3369 grande
1245 3306 1362 3371 per
1437 3283 1847 3350 Holandiam
1920 3283 2295 3351 inundavit.
2432 3285 2759 3370 Annoque
2786 3293 2899 3346 The
2918 3311 3035 3361 pro-

655 3389 973 3470 sequente
1019 3385 1360 3451 Galfridus
1405 3370 1800 3475 praepositus
1860 3383 2219 3468 Beverlaci,
2266 3386 2583 3474 magister
2626 3385 2760 3451 Ro·
2780 3364 3035 3496 {ffessfey

655 3485 884 3552 bertus
945 3485 1232 3574 Magnus
1295 3488 1728 3556 Eboracensis
1797 3495 1866 3555 et
1930 3489 2129 3556 multi
2196 3489 2313 3555 alii
2373 3487 2643 3568 nobiles,
2688 3489 2761 3554 in
2784 3498 2885 3548 and
2907 3497 3079 3548 others

657 3589 826 3652 mari
886 3587 1208 3656 submersi
1250 3587 1535 3657 fuerunt.
1646 3593 1838 3658 Inter
1883 3615 2048 3679 quos
2108 3613 2284 3658 unus
2351 3591 2434 3658 de
2500 3592 2765 3671 nostrie,
2786 3565 3039 3616 drovned.

659 3689 777 3775 qui
820 3694 1086 3756 centum
1130 3715 1383 3760 marcas
1427 3717 1512 3760 ex
1555 3699 1747 3782 parte
1792 3699 2021 3761 nostra
2064 3717 2185 3782 pro
2212 3693 2487 3782 pacifica
2514 3715 2767 3783 posses-

659 3790 842 3858 sione
885 3791 1180 3882 grangiae
1223 3803 1470 3864 nostrae
1516 3789 1599 3862 de
1621 3795 2193 3864 ‘Blaunchemarle
2240 3797 2539 3864 Galfrido
2569 3797 2765 3864 True-

657 3889 830 3960 buth
898 3898 1064 3962 tunc
1129 3897 1398 3964 domino
1443 3899 1526 3964 de
1571 3899 1869 3966 Wartria
1932 3899 2181 3966 deferre
2228 3901 2572 3981 debuerat,
2617 3923 2765 3967 cum

657 3995 838 4063 dicto
903 3997 1203 4066 Galfrido
1267 4001 1644 4068 submersus
1703 4024 1773 4069 se
1833 4007 1902 4069 et
1977 4004 2324 4090 pecuniam
2398 4002 2767 4092 perdebat.⁶

655 4097 858 4166 Anno
901 4105 1130 4167 autem
1175 4101 1364 4192 regni
1410 4103 1513 4168 sui
1560 4105 1643 4169 25
1693 4104 2078 4172 Lodowicus
2120 4129 2241 4173 rex
2287 4105 2601 4186 Franciae,
2650 4106 2765 4193 qui
2788 4115 3097 4184 Pilgrimage

655 4199 901 4270 Sancto
947 4199 1216 4272 Thomae
1248 4205 1715 4273 cantuariensi
1743 4205 2231 4298 archiepiscopo
2259 4209 2475 4276 adhuc
2502 4209 2764 4276 viventi
2787 4185 3020 4303 ᾗξξξῧω

655 4303 926 4373 favebat
969 4307 1044 4372 in
1089 4307 1310 4388 exili0,
1358 4309 1448 4376 ad
1491 4331 1644 4376 eum
1689 4317 1841 4398 post
1884 4313 2287 4398 martyrium
2332 4313 2406 4378 in
2446 4311 2763 4401 Angliam
2787 4318 3023 4370 Beoket'·

656 4427 924 4496 peregre
967 4409 1336 4494 accedebat,
1382 4416 1452 4478 et
1494 4435 1674 4479 anno
1716 4415 2025 4500 sequenti
2068 4421 2171 4482 est
2217 4415 2583 4482 defunctus.
2788 4384 2974 4438 shrine.

727 4649 739 4677 ¹
778 4647 1070 4717 inscriptas]
1107 4651 1402 4718 insculptas,
1424 4653 1488 4706 R.
1514 4653 1572 4706 0.
1834 4655 1853 4686 ⁴
1880 4651 1960 4721 in]
1999 4661 2065 4717 et,
2088 4655 2151 4707 R.
2176 4653 2245 4708 Η.
2596 4711 2603 4719 ,

727 4725 750 4755 ²
779 4727 970 4794 itaque]
1001 4729 1155 4792 jacet,
1179 4729 1243 4782 R.
1269 4731 1330 4783 C.
1832 4735 1853 4763 ⁸
1885 4731 1998 4784 The
2020 4747 2155 4786 same
2188 4747 2484 4788 occurrence
2516 4733 2609 4788 has
2640 4737 2768 4789 been

725 4805 746 4835 ⁸
777 4803 1032 4874 districta]
1069 4809 1321 4874 distincta,
1341 4811 1406 4864 R.
1431 4812 1490 4866 C.
1766 4813 1973 4878 already
1994 4813 2198 4867 related.
2269 4815 2365 4869 See
2385 4829 2514 4884 page
2542 4818 2650 4868 1⁷2.

2364 4905 2499 4966 02

2787 1282 2839 1324 at
2862 1274 3098 1327 Glaston-
3212 1268 3223 1278 '
