3519 5734
873 786 1004 850 282
1155 789 1164 798 ’
1481 801 1763 854 rfloms
1803 799 2021 856 Annas
2064 805 2370 858 mnus

535 975 670 1030 ΑΔ).
702 982 842 1030 1196.
871 976 1153 1049 praefatus
1176 973 1553 1044 willielmus,
1585 977 1792 1050 coeptis
1817 976 2112 1046 insistens,
2129 978 2379 1038 vallatus
2394 977 2413 1012 ¹
2428 979 2618 1038 turbis
2640 981 2968 1054 pompatice

873 1060 1241 1134 procedebat,
1281 1066 1596 1118 conventus
1630 1063 1898 1135 publicos
1936 1063 2205 1132 faciebat,
2246 1066 2597 1122 salvatorem
2643 1084 2968 1138 pauperum

869 1171 932 1210 se
967 1155 1229 1221 vocabat,
1268 1145 1628 1212 finiendam
1644 1145 1672 1184 ²
1712 1155 1777 1210 in
1813 1156 1982 1213 brevi
2016 1163 2321 1230 potentum
2365 1157 2724 1232 proterviam
2758 1157 2775 1182 ⁸
2793 1179 2967 1232 gran·

866 1246 1020 1302 diter
1033 1243 1053 1268 '
1087 1247 1402 1304 intonabat.
1475 1247 1644 1304 Unde
1670 1253 1731 1304 et
1766 1253 1997 1322 sumpto
2032 1250 2107 1306 de
2144 1251 2327 1308 sacris
2365 1251 2675 1324 scripturis
2710 1252 2967 1309 themate

501 1329 702 1382 .Isaiah
723 1331 815 1383 xii.
864 1331 950 1388 ita
985 1349 1224 1388 exorsus
1262 1337 1370 1399 est,
1414 1334 1453 1362 ‘⁶
1470 1332 1781 1390 Haurietis
1824 1351 2007 1404 aquas
2057 1335 2123 1392 in
2172 1336 2391 1406 gaudio
2426 1336 2501 1392 de
2553 1337 2812 1394 fontibus
2852 1339 2965 1394 sal·

535 1401 582 1446 3.
867 1417 907 1444 ‘⁸
944 1416 1166 1472 vatoris
1241 1456 1632 1471 .....
1707 1435 1816 1474 vos
1868 1435 2179 1490 pauperes,
2220 1419 2399 1476 duras
2454 1419 2708 1478 divitum
2756 1438 2965 1479 manus

867 1501 906 1528 “
944 1500 1202 1572 experti:
1267 1500 1498 1556 haurite
1555 1518 1709 1556 nunc
1770 1501 1843 1557 de
1914 1503 2175 1560 fontibus
2235 1503 2383 1560 meis
2444 1521 2626 1576 aquas
2686 1504 2965 1562 doctrinm

865 1587 904 1612 ‘⁸
943 1585 1238 1652 salutaris,
1279 1593 1340 1640 et
1374 1585 1486 1640 hoc
1520 1602 1656 1640 cum
1691 1585 1926 1658 gaudio,
1968 1589 2109 1660 quia
2136 1588 2264 1660 jam
2297 1589 2462 1645 venit
2494 1595 2727 1661 tempus
2762 1589 2965 1647 visita·

865 1680 904 1706 “
943 1679 1121 1735 tionis
1178 1683 1410 1735 vestroe.
1509 1678 1640 1750 Ego
1705 1668 1943 1749 enim,''
1988 1681 2201 1752 inquit,
2268 1683 2307 1708 “
2328 1680 2589 1737 dividam
2647 1699 2831 1754 aquas
2890 1683 2964 1738 ab

864 1773 904 1800 “
942 1771 1130 1844 aquis.
1193 1769 1384 1842 Aquoe
1419 1785 1630 1841 nempe
1671 1769 1926 1844 [populi]
1966 1778 2120 1830 sunt.
2185 1772 2467 1830 Dividam
2502 1791 2645 1846 ergo
2679 1775 2965 1846 populum

864 1859 902 1884 “
939 1856 1226 1914 humilem
1261 1861 1322 1910 et
1369 1853 1600 1910 fidelem
1637 1873 1674 1910 a
1721 1857 1939 1930 populo
1976 1857 2229 1930 superbo
2264 1863 2325 1913 et
2370 1857 2612 1930 perfid0.
2686 1857 2964 1914 Dividam

527 1935 610 1986 ΗΘ
630 1935 677 1986 is
699 1952 834 1987 sum·
864 1943 902 1969 “
942 1941 1160 1998 electos
1196 1957 1232 1996 a
1277 1937 1562 2010 reprobis,
1601 1940 1767 1996 velut
1800 1941 1993 1996 lucem
2046 1958 2083 1996 a
2131 1941 2451 1998 tenebris.”
2526 1941 2724 2014 Igitur
2774 1943 2963 1998 archi-

525 2005 709 2118 ¹¹l²¹⁰¹²⁶d
731 2006 800 2070 by
860 2026 1168 2098 episcopus
1183 2023 1205 2056 ³
1237 2023 1518 2095 praefatus
1543 2021 1616 2077 de
1641 2025 1885 2080 consilio
1908 2042 2219 2097 procerum
2244 2025 2552 2084 advocavit
2572 2026 2962 2084 Willielmum

523 2071 779 2188 ἱίξὴζωὶζ
860 2110 935 2166 ad
984 2109 1311 2182 objicienda
1369 2106 1829 2166 satisfacturum.
1928 2109 2043 2179 Qui
2103 2115 2427 2182 opportune
2487 2110 2671 2177 affuit,
2726 2109 2833 2166 Βθᾶ
2878 2111 2963 2166 Ῐῦὓ

525 2153 718 2254 εῃεπξι·
739 2205 819 2256 for
859 2195 1050 2252 turbis
1085 2194 1340 2251 vallatus
1375 2196 1466 2246 est
1499 2195 1569 2247 ut
1609 2192 1739 2263 ejus
1777 2197 2050 2252 evocator
2095 2195 2341 2250 territus
2376 2194 2614 2250 mollius
2650 2199 2856 2266 ageret
2902 2200 2963 2250 et

522 2269 606 2320 1¹1⁸
628 2286 746 2321 001¹·
853 2279 1146 2352 judicium
1184 2276 1518 2350 protelaret.
1593 2273 1917 2348 Explorata
1966 2278 2203 2334 tandem
2252 2295 2358 2350 per
2412 2278 2559 2334 duos
2614 2278 2773 2336 cives
2808 2278 2961 2334 Lon-

521 2338 658 2389 d¹¹⁰t⁸
859 2364 1168 2421 donienses
1205 2359 1641 2434 opportunitate
1691 2380 1810 2432 qua
1848 2362 2009 2420 solus
2048 2362 2173 2418 sine
2212 2361 2405 2418 turbis
2454 2363 2706 2434 reperiri
2740 2369 2957 2434 posset,

521 2418 768 2552 ἐῗῖῗξξ,
858 2457 933 2514 ad
969 2456 1316 2536 capiendum
1359 2467 1510 2512 eum
1559 2459 1785 2514 armata
1832 2472 2038 2512 manus
2086 2454 2396 2512 emittitur.
2469 2454 2589 2512 Sed
2636 2454 2891 2512 alterum
2924 2473 2959 2510 e

521 2551 658 2604 hcnd
678 2554 800 2607 him.
857 2551 1086 2608 civibus
1141 2550 1245 2622 qui
1298 2567 1433 2604 eum
1483 2552 1929 2623 exploraverant
1986 2547 2115 2618 ipse
2152 2545 2512 2606 Willielmus
2560 2546 2799 2618 bipenni
2852 2566 2963 2606 sua

855 2634 1154 2700 mactavit,
1183 2638 1244 2689 et
1279 2634 1532 2690 alterum
1567 2652 1720 2691 unus
1757 2633 1831 2688 de
1854 2630 2167 2690 willielmi
2199 2630 2582 2702 complicibus
2617 2631 2955 2690 trucidavit.

519 2719 601 2770 IIe
623 2719 767 2774 takes
855 2719 1028 2774 Illico
1063 2717 1422 2774 willielmus
1459 2737 1592 2775 cum
1646 2717 1852 2790 paucis
1890 2733 2133 2772 suorum
2186 2720 2245 2771 et
2294 2733 2431 2771 cum
2481 2717 2803 2773 concubina
2852 2735 2961 2774 sua

521 2787 697 2852 refuge
718 2789 773 2837 5¹²
855 2801 1326 2875 inseparabiliter
1367 2804 1692 2860 cohaerente
1747 2802 1811 2856 in
1844 2801 2100 2858 vicinam
2140 2799 2449 2857 ecclesiam
2486 2799 2715 2858 Sanctae
2750 2801 2957 2858 Mariua

517 2853 828 2989 ζῑέθὸξὴὲῐὶἱξ
853 2888 927 2943 do
984 2886 1259 2942 Arcubus
1316 2884 1682 2959 [confugit]‚⁴
1733 2903 1852 2957 qna
1902 2902 2019 2942 non
2070 2890 2349 2957 tanquam
2402 2884 2583 2941 asilo⁵
2636 2886 2741 2943 sed
2792 2888 2959 2943 velut

517 2986 652 3038 Axe,
853 2970 1095 3028 castello
1130 2969 1205 3026 ad
1239 2976 1473 3042 tempus
1503 2990 1568 3028 se
1603 2970 1758 3027 tueri
1795 2969 2003 3035 voluit,
2044 2986 2285 3041 sperans
2320 2968 2605 3041 populum
2640 2987 2815 3027 suum
2852 2971 2957 3027 sed

851 3057 1075 3113 frustra
1119 3054 1195 3110 ad
1263 3053 1391 3125 ejus
1445 3054 1854 3111 liberationem
1904 3052 2258 3109 affuturum:
2318 3054 2421 3125 qui
2461 3052 2763 3121 nimirum,
2802 3056 2917 3111 etsi
2935 3056 2957 3087 ⁶

851 3140 980 3213 ejus
1017 3138 1335 3195 discrimen
1388 3137 1695 3205 dolerent‚⁷
1729 3142 2005 3209 respectu
2054 3142 2252 3193 tamen
2287 3136 2557 3193 obsidum
2594 3155 2741 3208 quos
2780 3138 2954 3195 dede-

849 3229 988 3281 rant
1045 3240 1113 3279 ac
1171 3228 1336 3279 metu
1394 3227 1753 3279 armatorum
1814 3221 2072 3277 militum
2133 3238 2278 3293 quos
2338 3220 2631 3289 viderant,
2687 3220 2765 3277 ad
2822 3222 2954 3294 ejus

851 3308 1210 3380 ereptionem
1269 3324 1386 3362 non
1446 3310 1779 3363 accurrunt.
1876 3304 1915 3359 J
1916 3322 2091 3361 ussus
2142 3321 2287 3376 ergo
2338 3303 2699 3362 willielmus
2748 3307 2954 3377 egredi

851 3393 957 3449 sed
988 3391 1212 3457 nolens,
1257 3391 1398 3463 igne
1433 3396 1495 3447 et
1545 3390 1709 3447 fumo
1745 3389 2031 3461 appositis
2084 3388 2243 3471 exire
2278 3388 2515 3445 tandem
2550 3394 2643 3445 est
2694 3396 2949 3447 coactus.

515 3483 566 3531 Η
570 3483 613 3533 is
622 3490 826 3549 capture
851 3475 1197 3548 Egredienti
1252 3480 1450 3531 autem
1506 3474 1663 3531 filius
1715 3473 1866 3531 civis
1925 3473 2090 3529 illius
2140 3489 2315 3543 quem
2372 3477 2703 3544 peremerat
2760 3475 2953 3531 cultro

515 3552 618 3629 8¹²⁶}
641 3565 758 3601 0¹0·
849 3566 1116 3618 ventrem
1164 3558 1464 3615 dissecuit.
1539 3556 1763 3630 Captus
1812 3561 2007 3613 tamen
2049 3555 2275 3629 judicio
2325 3555 2505 3613 curiae
2553 3558 2745 3629 primo
2782 3560 2951 3630 equis

513 3624 701 3667 eumn·
850 3646 1188 3709 distractuS,
1228 3642 1439 3699 deinde
1489 3659 1626 3698 cum
1662 3641 1838 3698 sociis
1874 3641 1909 3697 9
1948 3640 2051 3712 qui
2086 3639 2179 3694 illi
2214 3640 2421 3697 deesse
2456 3641 2769 3697 noluerant
2800 3643 2952 3713 pati-

512 3739 624 3789 The
645 3742 792 3807 εισι-γ
848 3730 990 3785 bulo
1050 3744 1369 3798 suspensus
1425 3730 1534 3784 est.
1635 3726 1821 3782 Porro
1880 3724 2194 3796 complices
2255 3724 2385 3797 ejus
2444 3724 2949 3800 archiepiscopum

513 3806 575 3855 Οἳ
587 3816 803 3873 martyr-
848 3814 1014 3871 velut
1035 3810 1388 3869 homicidam
1421 3828 1538 3867 non
1573 3810 1767 3867 solum
1790 3808 2183 3875 diffamarunt,
2212 3808 2317 3864 sed
2342 3808 2538 3874 etiam,
2566 3814 2635 3865 ut
2658 3812 2950 3883 conspira-

515 3873 632 3923 d⁰m
649 3876 825 3926 claim-
849 3899 1024 3956 tionis
1075 3914 1198 3955 suoe
1245 3895 1496 3968 proprias
1532 3895 1788 3949 dedecus
1826 3892 2233 3965 abstergerent
2284 3898 2347 3949 et
2394 3892 2763 3951 damnatores
2798 3880 2957 3955 wil-¹

509 3942 578 4069 ἓξ,
599 3940 684 4057 {pi}
697 3941 806 3993 him
845 3982 1035 4039 lielmi
1093 3981 1389 4053 improbos
1447 3978 1907 4051 comprobarent,
1972 3982 2097 4032 arte
2157 3982 2218 4033 et
2276 3982 2408 4033 astu
2465 3994 2679 4035 nomen
2736 3978 2828 4035 illi
2886 3986 2950 4037 et

510 4072 772 4127 followers.
847 4068 1100 4139 gloriam
1135 4064 1413 4136 martyris
1463 4061 1837 4134 quaesierunt.
1911 4060 2181 4131 Denique
2218 4060 2487 4117 sacerdos
2526 4061 2766 4134 quidam
2812 4080 2947 4135 pro-

845 4154 1103 4225 pinquus
1161 4147 1470 4209 willielmi
1529 4150 1794 4203 catenam
1855 4162 1973 4218 qua
2028 4144 2261 4203 vinctus
2322 4146 2516 4203 fuerat
2585 4147 2946 4206 febricitanti

911 4474 926 4505 ¹
950 4472 1118 4539 coeptis
1149 4508 1164 4522 .
1187 4505 1203 4523 .
1228 4506 1242 4523 .
1267 4468 1504 4537 vanam]
1542 4470 1668 4537 cipit
1697 4470 1848 4521 insis-
2003 4471 2023 4501 ⁴
2042 4471 2287 4538 conficqit]
2314 4470 2539 4539 wanting
2558 4472 2666 4525 also
2686 4472 2743 4525 in
2762 4470 2827 4525 B.
2850 4472 2921 4523 H.

842 4560 1003 4606 tentes
1023 4548 1240 4613 venatis,
1261 4549 1377 4601 MS.
2004 4551 2025 4580 ⁸
2045 4548 2197 4618 asilo]
2223 4550 2334 4603 solo
2354 4550 2409 4601 in
2429 4550 2547 4603 MS.

907 4628 1236 4696 'finiendaffl
1265 4627 1590 4688 fraensndam,
1611 4627 1674 4679 B.
1698 4628 1767 4679 Η.
2008 4632 2029 4661 ⁶
2046 4630 2163 4695 etsi]
2190 4635 2256 4693 et,
2277 4629 2392 4681 MS.

913 4712 934 4743 ⁸
951 4708 1374 4778 archiepiscopus]
1401 4708 1675 4773 Hubertus,
1695 4708 1759 4761 B.
1778 4706 1847 4760 Η.
2004 4710 2024 4739 '¹
2046 4706 2282 4776 dolerent]
2310 4710 2551 4774 delerent,
2572 4709 2687 4763 ΜΒ.
