3519 5734
1331 837 1533 886 amn
1576 837 1797 886 ansas
1841 838 2118 890 ramus,
2645 823 2777 892 137

687 1047 847 1114 OAP.
879 1045 1149 1138 ‘XXXL
1194 1046 1293 1113 De
1338 1045 1745 1132 ‘imperatore
1790 1054 1849 1113 et
1893 1046 2244 1113 Lodow‘z'co
2272 1067 2414 1131 φερε
2459 1043 2778 1111 Fraowioe

854 1147 1467 1235 pereyrinantibus
1538 1171 1766 1214 versus
1815 1151 2099 1216 Teanum
2156 1149 2481 1216 Sanctam
2499 1173 2528 1230 ;
2590 1154 2649 1213 et
2695 1146 2776 1213 cle
2836 1181 2838 1184 >

862 1249 1155 1317 mercatu
1203 1249 1447 1316 navali
1488 1249 1575 1316 ‘in
1614 1249 2066 1338 Hispaniam.

779 1407 1195 1474 Duodecimo
1269 1407 1469 1493 hujus
1541 1409 1715 1496 regis
1789 1409 2110 1497 Stephani
2183 1431 2380 1488 anno,
2433 1407 2777 1475 Conradus
2801 1420 2942 1474 ΑΒ.
2967 1427 3116 1474 1147.

342 1528 393 1580 J.
410 1530 637 1596 Brompt.
680 1509 1059 1596 imperator,
1108 1509 1498 1576 Lodowicus
1557 1533 1676 1576 rex
1721 1511 2141 1589 Francorum,
2186 1519 2256 1577 et
2317 1511 2538 1598 plures
2597 1509 2778 1597 prin·
2804 1500 3125 1619 cffietff

342 1596 437 1648 ⁰⁰¹·
466 1603 609 1652 ¹⁰³⁴·
682 1610 857 1698 cipes
932 1633 975 1676 a
1020 1611 1265 1676 Sancto
1328 1611 1666 1677 Bernardo
1732 1614 1942 1679 crucis
2017 1615 2388 1679 charactere
2454 1610 2774 1698 insigniti,
2803 1648 3033 1698 emperor
3083 1583 3114 1619 ⁶

679 1712 1031 1778 secundam
1061 1713 1529 1801 profectionem
1558 1737 1786 1780 versus
1816 1716 2084 1780 Terram
2114 1715 2429 1782 Sanctam
2473 1715 2780 1801 perficere
2803 1700 3088 1818 gssfflffi

344 1834 409 1886 Β.
432 1835 653 1901 Higden,
679 1813 1106 1880 conabantur.
1198 1815 1500 1901 Sociique
1566 1818 2108 1903 peregrinationis
2173 1840 2374 1904 supra
2433 1839 2782 1882 numerum
3078 1805 3092 1818 ’

346 1904 441 1974 ⁰9¹·
463 1907 629 1955 ²³⁸⁷·¹
682 1915 1321 2002 multiplicabantur.
1455 1918 1635 1982 Nam
1723 1919 1805 1985 de
1879 1920 2140 2007 Anglia,
2216 1920 2648 2006 Lotharingia
2713 1925 2782 1984 et

684 2017 1021 2096 mandria,
1050 2040 1199 2084 cum
1230 2023 1363 2086 200
1391 2021 1409 2049 *
1430 2042 1616 2108 paene
1636 2021 1651 2052 '
1682 2022 1968 2087 navibus
1991 2023 2507 2109 proficiscuntur.
2567 2022 2784 2108 Impe-

687 2124 873 2184 rator
915 2125 1141 2186 autem
1204 2127 1273 2186 et
1339 2144 1457 2187 rex
1502 2122 1802 2188 Franciae
1863 2125 2044 2189 viam
2087 2130 2284 2190 terrae
2329 2123 2538 2210 magis
2584 2143 2782 2208 quam

692 2223 895 2287 maris
924 2221 1259 2310 eligenteS,
1282 2225 1566 2291 transita
1587 2224 1952 2312 Hungaria,
1983 2226 2276 2292 Iconiam
2321 2229 2778 2312 pervenerunt.
2805 2239 2842 2290 f.
2870 2243 2950 2290 14.

698 2322 831 2390 Sed
877 2324 972 2389 ibi
1040 2347 1158 2412 per
1201 2325 1425 2391 dolum
1485 2326 1900 2413 imperatoris
1947 2327 2668 2414 Constantinopolitani
2711 2331 2782 2392 et
2806 2333 3096 2400 'l'reaehery

683 2425 1057 2492 Graeeorum
1126 2436 1345 2507 proditi
1394 2445 1548 2492 sunt.
1641 2437 1799 2493 Nam
1847 2438 2040 2503 multi,
2103 2443 2339 2509 gustata
2389 2437 2576 2491 farina
2623 2437 2782 2491 calce
2805 2399 2868 2450 οἱ
2881 2401 2967 2450 the

679 2527 865 2583 mixta
898 2527 1157 2584 defuncti
1182 2533 1336 2583 sunt.
1410 2527 1607 2582 Ceteri
1641 2528 1818 2583 multi
1853 2534 1955 2584 aut
1988 2528 2186 2600 gladio
2220 2534 2325 2583 aut
2359 2528 2511 2582 same
2546 2531 2781 2600 propter
2805 2467 3117 2584 aemtilf

686 2635 887 2675 eorum
924 2613 1313 2698 superbiam,
1340 2620 1635 2676 luxuriam
1659 2627 1719 2675 et
1739 2621 2025 2692 rapinam,
2050 2627 2186 2676 sunt
2209 2621 2563 2692 consumpti3
2591 2633 2780 2676 cunc·
2802 2600 2964 2678 9⁰9¹&

685 2711 869 2796 tique
912 2713 999 2777 ad
1058 2713 1340 2778 nihilum
1384 2733 1575 2798 paene
1618 2712 2046 2791 devenerunt,
2095 2715 2252 2799 quia
2296 2713 2476 2779 Deus
2533 2711 2784 2799 sprevit

685 2833 813 2879 eos·
904 2814 1149 2881 Tamen
1178 2814 1267 2881 ad
1298 2813 1565 2881 Terram
1613 2813 1927 2881 Sanctam
1974 2815 2432 2904 pervenientes
2476 2814 2644 2880 nihil
2675 2812 2782 2881 vel
2807 2822 3008 2875 Failure
3029 2824 3094 2875 of

684 2915 1015 2981 modicum
1072 2917 1417 3005 gloriosius
1482 2923 1896 3003 peregerunt.
1987 2927 2315 2998 Imperator
2350 2932 2546 2981 autem
2581 2931 2642 2980 et
2676 2943 2780 2979 rex
2803 2891 3062 3010 31¹3ng

681 3017 1043 3075 Francorum
1079 3037 1214 3075 cum
1248 3019 1621 3091 paucissimis
1644 3020 1812 3091 prius
1847 3020 2238 3086 Antiochiam,
2279 3025 2482 3091 postea
2515 3019 2782 3073 Iberoso-

687 3112 911 3180 limam,
948 3112 1339 3184 ignominiose
1385 3102 1804 3190 aufugerunt.
1893 3104 2267 3192 Imperator
2326 3104 2578 3181 deinde,
2634 3124 2784 3168 cum

681 3206 907 3293 paucis
965 3206 1351 3292 repatrianS,
1411 3206 1731 3286 moritur3
1771 3216 1892 3287 qui,
1930 3215 2071 3270 licet
2107 3213 2174 3269 15
2211 3214 2377 3269 annis
2414 3217 2794 3291 regnaverat,

682 3316 1147 3372 benedictionem
1204 3322 1399 3371 tamen
1446 3314 1812 3386 imperialem
1865 3332 1982 3370 non
2037 3314 2305 3370 habebat.
2424 3303 2610 3369 Tune
2665 3324 2787 3367 rex
2812 3310 2960 3378 Siege
2982 3313 3044 3363 of

691 3408 986 3475 Francius
1016 3430 1213 3474 causa
1240 3408 1558 3473 orationis
1588 3413 1657 3473 et
1678 3406 2225 3495 peregrinationis
2254 3408 2329 3471 in
2357 3405 2786 3471 Iherosolima
2811 3378 3102 3512 bnyffffix

692 3510 1176 3596 aliquantulum
1227 3532 1521 3590 manens,
1552 3510 1808 3575 auxilio
1849 3510 2140 3574 militum
2185 3509 2438 3595 templi,
2473 3508 2652 3595 quod
2683 3516 2785 3573 est
2809 3514 2910 3563 and
2930 3512 3016 3563 his

690 3613 764 3675 in
810 3612 1255 3690 Iherosolima,
1288 3618 1355 3677 et
1384 3612 1639 3676 viribus
1665 3611 1959 3697 undique
1988 3610 2334 3698 congestiS,
2369 3610 2627 3675 obsedit
2650 3609 2785 3706 Da·
2809 3586 3057 3698 ms„

604 3756 627 3779 1
695 3735 985 3778 mascum
1022 3737 1039 3794 ;
1082 3713 1197 3779 sed
1241 3714 1409 3778 nihil
1451 3713 1697 3778 ibidem
1742 3714 2109 3801 proficiens,
2154 3714 2229 3777 in
2276 3712 2561 3777 Galliam
2605 3734 2788 3799 repe·
2815 3732 2911 3783 His
2931 3732 3100 3783 conti-

686 3814 895 3881 davit.
988 3823 1067 3879 Et
1115 3841 1251 3878 cum
1322 3840 1394 3878 ex
1470 3822 1696 3879 diutina
1753 3822 2110 3878 continentia
2167 3828 2229 3878 et
2285 3824 2474 3879 coitus
2533 3822 2784 3888 defectu,
2811 3814 2987 3850 neme·

695 3922 873 3991 prout
906 3916 1121 3971 medici
1156 3915 1445 3979 dicebant,
1480 3914 1908 3986 aegritudinem
1939 3915 2302 3979 incurrisset,
2340 3931 2696 3985 suasumque
2732 3907 2788 3968 ei

696 4002 911 4058 fuisset
967 4018 1071 4073 per
1144 4000 1401 4055 medicos
1462 4006 1523 4055 et
1581 3999 1851 4071 proelatos
1905 4004 1976 4055 ut
2026 3999 2100 4055 ob
2152 4000 2395 4054 nimiam
2448 3999 2790 4054 distantiam

692 4086 914 4158 reginoe
965 4084 1163 4157 puella
1220 4083 1420 4155 aliqua
1452 4089 1737 4149 uteretur,
1778 4083 2097 4155 respondit,
2152 4086 2191 4111 ‘⁶
2210 4083 2371 4138 Malo
2405 4081 2554 4137 mori
2590 4088 2786 4137 castus

693 4174 731 4199 ‘⁶
770 4188 949 4243 quam
982 4169 1185 4225 vivere
1220 4166 1508 4223 adulter.”
1599 4168 1679 4223 Et
1713 4167 1800 4224 sic
1851 4173 2042 4223 totum
2089 4168 2214 4222 Deo
2255 4166 2623 4222 committens
2670 4165 2788 4221 cito

694 4262 1007 4319 convaluit.
1080 4252 1319 4317 Postea
1362 4252 1644 4337 quidem,
1674 4256 1755 4315 ut
1793 4251 1866 4315 in
1910 4256 2206 4338 tempore
2251 4250 2542 4338 Philippi
2583 4249 2785 4314 abba-

698 4356 787 4419 tis
818 4359 859 4419 2
888 4354 1223 4433 referetur,
1270 4352 1518 4419 dictam
1562 4352 1832 4419 Terram
1863 4352 2176 4419 Sanctam
2220 4352 2466 4417 iterum
2501 4350 2786 4417 adiebat.

697 4456 967 4522 Interea
1022 4456 1291 4542 quidam
1336 4454 1661 4522 exercitus
1723 4456 1982 4522 navalis
2021 4456 2334 4533 virorum,
2376 4476 2515 4520 non
2556 4460 2788 4541 poten-

761 4648 777 4679 ¹
796 4646 909 4700 The
926 4648 1173 4699 narrative
1190 4663 1397 4714 appears
1418 4656 1509 4699 not
1530 4654 1582 4700 to
1598 4650 1662 4701 be
1676 4648 1883 4700 derived
1914 4647 2129 4713 direetly
2163 4646 2294 4697 from
2316 4646 2454 4697 these
2477 4644 2788 4707 authorities,

692 4732 789 4783 but
804 4730 933 4785 from
957 4749 989 4783 a
1009 4748 1243 4785 common
1264 4750 1455 4786 source.
