3519 5734
1256 862 1452 911 nuso
1498 860 1715 911 AnBAs
1759 858 2079 922 Qnm'ms,
2573 852 2704 917 383

612 1038 979 1125 postposita
1018 1036 1497 1123 compescenda
1589 1036 1747 1101 Post
1791 1034 1934 1100 haec
1975 1040 2218 1115 tamen,
2262 1055 2397 1098 non
2441 1034 2706 1099 obstan-
2731 1044 2871 1095 A.D.
2901 1048 3028 1094 1210

611 1142 793 1207 tibus
866 1140 1301 1229 indulgentiis
1388 1136 1822 1225 ΒιιΡῖἃᾶἰῦῦἱΒ)
1897 1136 2202 1203 ΠΟΠΠΠΠῙ
2287 1136 2592 1203 00013513‘1'
2593 1158 2706 1201 um
2728 1116 2946 1241 ᾖίηῃιῗᾷι-

524 1270 535 1281 ·
610 1243 872 1330 praelati
919 1247 989 1309 et
1031 1242 1247 1308 clerici
1304 1241 1736 1307 Eboracensis
1799 1240 2167 1317 dioeceseon,
2221 1239 2514 1305 dicentes
2575 1240 2705 1305 dic·
2729 1264 2964 1333 attempta
2989 1264 3042 1307 to

610 1352 753 1411 tam
794 1345 1282 1433 indulgentiam
1346 1343 1631 1410 Honorii
1648 1344 1676 1381 ²
1742 1344 1830 1409 ad
1861 1342 2212 1439 ‘acquisita
2254 1347 2406 1431 post
2449 1363 2706 1409 conces-
2729 1324 3048 1442 {ffithgw

610 1448 862 1514 sionem
904 1448 1113 1535 ipsius
1158 1447 1573 1533 aliquatenus
1633 1468 1770 1512 non
1831 1446 2118 1526 extendi,
2164 1467 2286 1511 nos
2336 1450 2405 1512 et
2446 1467 2705 1511 monas-
2729 1459 2830 1537 angi
2851 1406 3005 1522 εει-ξω
3035 1428 3049 1452 ’

610 1550 849 1616 terium
896 1555 1197 1617 nostrum
1248 1550 1493 1616 iterum
1552 1568 1748 1636 super
1805 1549 1930 1614 hoc
1987 1548 2344 1636 multiplici
2401 1547 2706 1613 molesta·
2730 1524 2996 1656 3ξῷἪῶ

611 1654 790 1719 tione
840 1652 1235 1740 fatigabant.
1372 1649 1808 1739 Quapropter,
1883 1650 2313 1716 Innocentius
2383 1670 2556 1739 papa
2645 1652 2706 1727 4,
2731 1658 2979 1709 Innocent

612 1756 881 1821 credens
924 1752 1267 1843 praefatam
1298 1752 1785 1840 indulgentiam
1815 1752 1903 1817 ad
1932 1752 2258 1839 aequisita
2285 1752 2706 1839 postmodum
2731 1722 2828 1776 IV.

612 1858 1117 1937 extendendam,
1194 1859 1274 1921 ut
1348 1856 1571 1923 nullus
1660 1877 1782 1922 nos
1845 1877 2043 1943 super
2128 1855 2254 1921 hoc
2327 1854 2714 1943 hujusmodi

610 1961 945 2027 occasione
1016 1959 1328 2046 fatigaret
1418 1958 1816 2025 auctoritate
1889 1958 2252 2045 apostolica
2338 1957 2707 2025 inhibebat.

613 2063 839 2151 Atque
902 2084 1021 2150 per
1082 2061 1207 2128 hoc
1268 2061 1349 2126 de
1409 2061 1786 2127 omnimoda
1843 2081 2382 2147 quarumcunque
2426 2059 2710 2126 decima-

610 2188 759 2233 rum
804 2167 1145 2246 solutione,
1191 2170 1630 2254 praeterquam
1672 2166 1755 2232 de
1785 2165 1981 2231 terris
2025 2165 2223 2231 cultis
2263 2168 2416 2253 post
2460 2166 2712 2231 dictum

610 2270 913 2357 generale
1001 2268 1350 2336 concilium
1438 2268 1794 2355 acquisitis
1888 2288 2024 2332 non
2121 2267 2432 2333 obstante
2527 2264 2707 2333 dicto

611 2372 903 2459 generali
955 2371 1227 2439 concilio
1291 2368 1740 2450 Lateranensi,
1787 2391 1904 2457 per
1968 2368 2288 2456 praedicta
2351 2370 2708 2457 apostolica

612 2475 964 2563 privilegia
1023 2473 1215 2541 liberi
1283 2494 1507 2538 sumus
1568 2472 1840 2559 penitus
1886 2476 1955 2538 et
1993 2472 2338 2540 immunes.
2448 2472 2708 2539 Deinde
2734 2486 3032 2541 Additional

615 2576 1007 2643 Bonefacius
1058 2598 1227 2663 papa
1282 2578 1323 2640 8
1340 2573 1369 2612 ⁸
1442 2573 1621 2640 dicto
1638 2571 1666 2612 ⁴
1742 2573 1962 2639 ordini
2028 2579 2256 2640 nostro
2321 2596 2444 2641 sua
2485 2580 2710 2640 aucto·
2734 2561 2885 2621 grant
2905 2557 2968 2673 ‘g

612 2678 814 2743 ritate
855 2677 1217 2765 apostolica
1258 2675 1666 2764 indulgebat,
1712 2679 1795 2740 ut
1839 2677 1922 2741 de
1963 2676 2162 2742 terris
2206 2677 2450 2744 nostris
2510 2677 2706 2744 cultis
2732 2636 3024 2753 ἷξρὲἒῃῑῗη

618 2784 689 2845 et
754 2779 1022 2845 incultis
1097 2779 1186 2845 ad
1248 2777 1546 2845 ordinem
1608 2782 1912 2844 nostrum
1998 2780 2465 2867 spectantibuS‚
2542 2800 2706 2865 quas
2734 2756 2843 2807 face
2865 2754 3016 2808 vm·

613 2883 760 2948 aliis
820 2887 983 2948 tunc
1046 2883 1477 2949 concessimus
1539 2881 1650 2947 vel
1716 2882 2148 2969 imposterum
2215 2883 2709 2950 concederemus

614 2984 1022 3066 excolendas,
1066 2984 1149 3051 de
1193 2985 1433 3071 quibus
1490 2988 1717 3050 tamen
1776 2984 2018 3072 aliquis
2065 2985 2348 3051 decimas
2407 3007 2524 3052 seu
2573 2986 2708 3073 pri-

613 3086 841 3154 mitias
912 3109 1050 3153 non
1121 3088 1431 3174 percepit,
1498 3086 1723 3152 nullus
1785 3110 1826 3152 a
1898 3087 2091 3153 nobis
2153 3109 2270 3154 seu
2343 3088 2708 3154 cultoribus

612 3195 941 3256 terrarum
982 3191 1276 3278 ipsarum
1318 3196 1439 3256 aut
1493 3187 1996 3276 quibuscunque
2038 3188 2186 3255 aliis
2246 3190 2532 3256 decimas
2591 3214 2708 3257 seu

613 3293 945 3381 primitias
1010 3294 1273 3381 exigere
1338 3292 1448 3360 vel
1521 3297 1918 3379 extorquere
1989 3299 2435 3379 praesumeret.
2559 3293 2708 3375 Sed,
2731 3303 2980 3384 pisputed

611 3395 769 3482 quia
811 3396 1142 3484 plerisque
1184 3395 1479 3484 personis
1522 3394 1776 3461 ordinis
1838 3394 2027 3461 venit
2087 3395 2161 3460 in
2218 3395 2493 3462 dubium
2554 3419 2710 3483 qua-
2733 3378 2972 3489 ffissffi‘oe'

609 3499 768 3564 liter
808 3499 926 3564 illa
969 3499 1172 3565 verba
1216 3499 1288 3563 in
1333 3499 1513 3565 dicto
1557 3498 1930 3585 privilegi0‚
1979 3503 2016 3534 “
2038 3497 2122 3562 de
2167 3497 2412 3584 quibus
2470 3499 2709 3586 aliquis
2895 3477 2908 3490 ’

610 3606 648 3636 “
693 3600 979 3665 decimas
1022 3621 1138 3666 seu
1180 3599 1513 3687 primitias
1542 3621 1679 3665 non
1708 3597 2060 3686 percepit‚'’
2088 3600 2448 3666 secundum
2477 3623 2710 3669 verum

609 3701 1024 3767 intellectum
1069 3700 1360 3766 debeant
1404 3701 1671 3767 effectui
1720 3700 1949 3767 debito
1992 3702 2372 3788 mancipari,
2421 3724 2543 3770 nec
2601 3704 2714 3770 de-

608 3803 935 3870 claratum
977 3801 1111 3868 fuit
1154 3802 1297 3868 sive
1346 3801 1615 3868 decimae
1659 3824 1776 3868 seu
1821 3803 2136 3889 primitiae
2164 3803 2386 3891 aliquo
2414 3810 2712 3892 tempore

609 3905 828 3992 elapso
872 3927 989 3974 seu
1032 3908 1186 3991 post
1228 3904 1793 3992 praescriptionem
1835 3910 2160 3992 perceptae
2227 3927 2362 3973 non
2419 3905 2707 3990 fuerunt,

606 4007 785 4073 idem
829 4005 1254 4095 privilegium
1320 4007 1395 4074 in
1451 4007 1780 4095 plerisque
1838 4007 2144 4075 domibus
2205 4009 2453 4074 ordinis
2498 4011 2712 4076 nostri

605 4110 865 4176 nullum
939 4109 1246 4176 effectum
1322 4109 1394 4175 in
1467 4111 1609 4199 ejus
1681 4111 2138 4198 prosecutione
2211 4117 2312 4178 est
2383 4113 2711 4180 sortitum.

605 4209 836 4299 Aliqui
868 4217 1090 4278 tamen
1120 4211 1478 4279 secundum
1509 4218 1808 4279 tenorem
1853 4213 2015 4280 dicti
2045 4213 2380 4303 privilegii
2407 4214 2480 4280 in
2509 4216 2710 4303 placi-

608 4315 814 4383 tando
859 4315 1227 4382 sententias
1272 4315 1650 4382 definitivas
1671 4314 1698 4352 ⁶
1741 4337 1862 4403 pro
1909 4339 1978 4382 se
2022 4317 2280 4402 assequi
2308 4325 2708 4386 meruerunt.

679 4541 691 4572 ¹
727 4539 1055 4608 supradictis]
1095 4540 1395 4607 saepedictis,
1418 4540 1479 4592 P.
1706 4539 1970 4604 cujusdam
1986 4540 2256 4592 cardinalis
2271 4541 2359 4607 qui
2376 4543 2570 4596 ordinis
2591 4557 2708 4596 nos-

676 4659 697 4688 ²
730 4657 973 4728 Honora]
1008 4659 1236 4724 soronii,
1259 4660 1321 4714 P.
1705 4620 2264 4766 “ifdr‘ssefssgffffoffi‘uff’
2283 4621 2346 4674 P·

678 4777 699 4806 ³
719 4775 873 4828 After
917 4782 949 4828 s
992 4777 1167 4842 insert,
1211 4779 1277 4830 aa
1322 4776 1615 4831 inmtiam
1777 4781 1798 4809 ⁸
1829 4736 2143 4847 definitivas
2169 4737 2480 4847 diffiniam
2505 4783 2617 4838 MS.
