3519 5734
567 1025 706 1079 A.D.
735 1027 858 1077 119⁷

569 1100 749 1148 ..1210.

580 1757 858 1812 Wectheit-

581 1828 702 1879 feld.

581 1909 772 1960 Grants

583 1976 716 2025 from
739 1974 871 2025 Wil-

581 2043 706 2092 liam
728 2041 788 2092 of

583 2109 802 2176 Areyns.

591 2687 786 2743 setona.

593 3615 782 3667 Grants

597 3683 728 3733 from
750 3684 838 3733 de-

595 3750 860 3801 seendants

902 827 1030 892 306
1419 838 1843 892 ALnxANDER
1887 837 2105 892 Annas
2150 839 2483 902 QUARTUS.

905 1018 1090 1105 prius
1163 1016 1544 1083 habuerunt
1579 1041 1597 1098 ;
1671 1024 1740 1084 et
1814 1016 1891 1082 in
1964 1016 2183 1084 medio
2256 1016 2523 1082 illarum
2598 1015 3009 1084 culturarum

907 1143 1118 1188 unum
1157 1121 1452 1188 clausum
1496 1120 1690 1186 nobis
1733 1122 2007 1210 insuper
2050 1120 2380 1209 erogabat,
2412 1143 2533 1208 pro
2576 1121 2692 1186 xii.
2724 1120 3011 1186 denariis

907 1225 1038 1292 sibi
1081 1226 1430 1291 annuatim
1493 1225 1866 1303 reddendis,
1910 1224 2030 1290 ubi
2090 1225 2307 1290 dictus
2366 1223 2571 1289 abbas
2630 1223 3011 1290 Alexander

907 1329 1225 1395 continuo
1285 1327 1634 1416 grangiam
1676 1327 1837 1394 feeit
1894 1327 2224 1394 aedificari.
2316 1327 2415 1393 At
2458 1328 2599 1413 ipse
2644 1323 3007 1393 Rieherus¹

909 1433 1188 1499 diversis
1238 1431 1498 1498 vicibus
1543 1431 1708 1498 duas
1768 1413 2065 1510 bovatae,
2113 1429 2230 1497 vi.²
2276 1451 2456 1496 acras
2502 1435 2572 1497 et
2614 1427 2757 1496 xii.³
2800 1430 3010 1510 rodas,

909 1541 1123 1616 terrae,
1151 1539 1224 1602 et
1257 1539 1404 1602 octo
1435 1555 1618 1600 acras
1663 1532 1861 1621 prati,
1890 1537 2092 1621 atque
2119 1536 2137 1564 ⁸
2158 1533 2325 1599 alias
2354 1535 2601 1611 terras]
2614 1531 2639 1569 ⁴
2670 1534 2745 1598 in
2774 1554 3013 1600 eseam-

911 1639 1100 1708 bium
1144 1638 1392 1705 ibidem
1437 1659 1557 1726 pro
1616 1637 1951 1723 aliquibus
2008 1636 2159 1702 aliis
2219 1637 2415 1703 terris
2458 1637 2724 1716 nostris,
2766 1635 3012 1702 ibidem

913 1749 1144 1811 nostro
1187 1742 1588 1808 monasterio
1647 1741 1893 1806 iterum
1944 1739 2275 1827 erogabat.
2366 1739 2889 1827 Willielmusque
2934 1742 3015 1806 de

915 1848 1195 1934 Areyns,
1240 1845 1322 1912 de
1383 1865 1704 1912 consensu
1745 1844 2035 1910 filiorum
2096 1848 2164 1911 et
2208 1843 2529 1910 heredum
2573 1865 2856 1922 suorum,
2898 1865 3017 1930 per

916 1951 1178 2016 diversa
1221 1947 1646 2015 feoffamenta
1699 1946 1987 2014 eontulit
2012 1947 2035 1984 ⁵
2082 1945 2270 2012 nobis
2290 1948 2315 1986 ‘⁵
2364 1949 2407 2011 4
2474 1947 2756 2013 bovatas
2819 1952 3013 2014 terrm

915 2059 986 2120 et
1017 2057 1104 2119 12
1147 2073 1331 2119 aeras
1374 2058 1570 2119 terrae
1614 2057 1684 2118 et
1728 2071 1933 2117 unam
1977 2050 2291 2117 bovatam
2334 2051 2515 2138 prati
2556 2051 2631 2116 in
2659 2050 3017 2117 Westheit·

915 2157 1067 2236 feld,
1132 2160 1604 2244 pasturamque
1669 2153 2100 2221 sufficientem
2169 2175 2253 2220 cc.
2312 2153 2567 2233 ovibus,
2632 2175 2747 2220 xx.
2807 2154 3051 2249 bobus'

915 2260 1028 2326 vel
1070 2259 1302 2338 vaeeiS,
1351 2279 1503 2326 eum
1547 2263 1696 2325 tota
1757 2279 1986 2323 earum
2055 2257 2320 2344 sequela
2362 2258 2563 2324 unius
2608 2260 2785 2337 anni,
2832 2258 3018 2345 equis

915 2363 1123 2430 etiam
1169 2368 1240 2429 et
1299 2362 1544 2429 averiis
1590 2361 1831 2448 quibus
1897 2361 2285 2448 praedictam
2350 2355 2599 2427 terram
2644 2363 3019 2442 coleremus,

914 2465 1024 2534 vel
1069 2488 1234 2555 quos
1251 2464 1278 2504 ⁷
1323 2466 1412 2532 ad
1455 2487 1653 2532 usum
1681 2472 1987 2531 nostrum
2017 2463 2410 2531 haberemus
2440 2466 2688 2554 ubique
2730 2468 2805 2532 in
2850 2489 3018 2534 eom-

916 2571 1108 2637 muni
1151 2573 1430 2659 pastura
1497 2568 1794 2656 ejusdem
1828 2567 2067 2649 ‚villae3
2132 2572 2203 2633 et
2244 2569 2519 2656 insuper
2560 2575 2696 2635 tres
2739 2569 3019 2636 bovatas

915 2679 1114 2742 terrae
1180 2673 1254 2738 in
1319 2673 1568 2740 Setona
1633 2671 1827 2738 nobis
1884 2669 2210 2750 vendidit,
2258 2693 2377 2758 pro
2422 2674 2511 2736 40
2556 2674 2809 2753 mareis,
2856 2695 3022 2759 quas

919 2778 1133 2843 eidem
1178 2776 1484 2841 dedimus
1528 2773 1614 2840 ad
1675 2774 2153 2840 absolvendum
2198 2795 2349 2840 eum
2396 2774 2478 2840 de
2522 2774 2748 2841 debito
2792 2775 2841 2841 J
2842 2777 3023 2842 udae-

922 2902 1124 2946 orum.
1235 2878 1370 2945 Sed
1444 2879 1532 2944 ad
1605 2879 2118 2965 acquietandum
2192 2900 2315 2943 nos
2388 2879 2469 2945 de
2558 2879 2855 2967 praefatis
2930 2884 3017 2947 40

921 2982 1178 3064 marcis,
1227 3002 1392 3068 quas
1435 2986 1601 3048 tuno
1646 2981 1816 3047 forte
1880 2982 1966 3046 ad
2026 2980 2152 3047 hoo
2192 2982 2490 3048 mutuati
2534 3004 2776 3062 eumue,
2826 2984 3023 3051 diotre

923 3108 1058 3151 una
1099 3086 1350 3151 bovata
1411 3082 1592 3172 prati
1657 3084 1732 3149 in
1778 3082 2247 3150 Westheitfeld
2308 3090 2378 3151 et
2438 3091 2575 3151 tres
2639 3086 2906 3153 bovatae
2950 3089 3024 3153 in

924 3188 1172 3254 Setona
1198 3188 1471 3253 fuerunt
1514 3186 1837 3255 alienatae.
1914 3186 2007 3253 Et
2050 3188 2338 3273 reliquas
2382 3191 2669 3275 quatuor
2710 3190 3025 3257 bovatas⁸

921 3297 1120 3357 terrae
1164 3289 1239 3355 in
1283 3286 1756 3355 Westheitfeld
1797 3290 1989 3356 nobis
2034 3292 2548 3373 reservavimus3
2594 3315 2757 3379 quas
2800 3298 3029 3359 tamen

927 3393 1130 3481 Hugo
1193 3390 1399 3457 abbas
1463 3392 1742 3477 quintus
1788 3393 2052 3459 cuidam
2116 3393 2203 3458 ad
2248 3392 2426 3461 feodi
2470 3394 2727 3461 firmam
2772 3418 2892 3483 pro
2941 3400 3025 3461 12

926 3495 1215 3561 denariis
1278 3493 1519 3560 annuis
1582 3493 1947 3562 concessit?
2036 3494 2211 3583 Ipsae
2278 3500 2503 3563 autem
2576 3500 2659 3563 12
2726 3520 2891 3565 acrae
2959 3505 3029 3565 et

927 3603 1214 3687 pasturae
1290 3598 1482 3664 nobis
1557 3598 1863 3664 similiter
1928 3596 2461 3667 remanserunt.¹⁰
2550 3600 2738 3667 Idem
2800 3606 3027 3668 autem

929 3698 1327 3767 Willielmus
1391 3700 1475 3767 de
1521 3702 1787 3788 Areyns
1854 3700 1988 3766 fuit
2052 3701 2359 3768 dominus
2422 3703 2503 3770 de
2546 3702 3026 3787 Westheitfeld,

593 3818 656 3867 of
671 3816 906 3867 william
931 3810 1001 3873 et
1039 3805 1276 3892 genuit
1304 3808 1442 3870 tres
1487 3804 1678 3883 filios,
1711 3804 2103 3886 Amaldum,
2134 3804 2458 3871 Thomam
2503 3811 2573 3872 et
2604 3808 3027 3875 Bernardum.

593 3883 658 3933 of
671 3883 888 3951 Areyna

995 4046 1008 4075 ¹
1047 4042 1199 4096 Astel-
1233 4044 1478 4095 Rieherm
1515 4046 1689 4105 insert,
1727 4046 1783 4096 in
1819 4060 1934 4113 pro·
2097 4048 2117 4077 ⁸
2148 4046 2363 4112 reliquas
2396 4057 2596 4113 quaeum
2648 4050 2875 4117 ὒουαῑαε]
2919 4050 3034 4101 reli-

931 4124 1144 4175 fectione
1167 4132 1338 4175 nostra
1360 4124 1652 4189 delectatus,
1672 4124 1736 4187 P,
2032 4142 2143 4193 quae
2164 4136 2379 4192 quatuor
2400 4130 2613 4191 bovatae,
2634 4128 2750 4181 MS.

995 4206 1016 4235 ²
1049 4204 1145 4270 αἱ]
1176 4208 1253 4267 10,
1275 4205 1336 4255 P.
2097 4210 2117 4237 ⁰
2150 4208 2303 4258 After
2324 4210 2559 4259 concessit
2588 4210 2764 4271 insert,
2785 4216 2844 4261 ut
2862 4218 3035 4277 postea

999 4286 1019 4313 ³
1051 4284 1172 4349 xit]
1202 4288 1249 4343 7,
1272 4284 1333 4333 1’.
2032 4287 2287 4349 referetur,
2309 4288 2368 4340 P.

1000 4364 1019 4392 ⁴
1053 4370 1196 4425 atque
1212 4360 1343 4412 alias
1357 4363 1541 4429 terras]
1559 4364 1791 4429 wanting
1804 4364 1856 4414 in
1872 4364 1932 4416 P.
2100 4368 2137 4397 ¹⁰
2161 4376 2386 4433 pastura·
2409 4406 2421 4419 .
2446 4406 2461 4419 .
2488 4404 2500 4419 .
2536 4370 2897 4435 remanserunt]
2923 4384 3037 4435 pas-

1001 4442 1020 4470 ³
1047 4438 1274 4506 contulit]
1347 4442 1558 4492 marked
1623 4444 1934 4497 underneath
2030 4454 2142 4497 tura
2179 4448 2289 4511 ipsa
2323 4454 2352 4497 2
2386 4448 2566 4499 ovibus
2602 4456 2655 4499 et
2686 4455 2752 4499 20
2773 4450 2933 4500 bobus
2952 4452 3037 4501 vel

931 4520 1056 4571 with
1079 4520 1260 4583 points,
1284 4535 1339 4569 as
1362 4520 1440 4570 for
1456 4537 1666 4573 erasure.
2030 4526 2199 4576 vaceis
2236 4542 2353 4577 eum
2388 4528 2599 4591 aequalis
2632 4544 2819 4591 earum,
2846 4546 2938 4594 pro
2976 4546 3037 4581 eo

998 4600 1018 4629 ⁰
1047 4596 1252 4649 contulit
1285 4598 1451 4666 nobis]
1504 4603 1792 4656 conserebat
1827 4621 1933 4657 mo·
2030 4607 2164 4671 quod
2208 4605 2427 4658 dimissae
2474 4623 2575 4659 non
2621 4609 2821 4663 fuerant
2874 4611 3039 4671 nobie,

925 4678 1148 4731 neoterio
1169 4684 1359 4742 nostro,
1381 4679 1442 4732 P.
2028 4688 2232 4739 fixerunt
2251 4696 2531 4753 reservam,
2553 4690 2614 4743 P.

995 4762 1015 4789 ⁷
1041 4759 1184 4825 quoe]
1211 4775 1306 4811 nos
1327 4760 1381 4811 in
1403 4761 1526 4813 both
1549 4761 1704 4814 MSS.
