3519 5734
1744 591 1780 633 ²!

1226 876 1579 930 alumnus
1622 876 1840 928 assas
1885 878 2235 932 smnms.
2638 869 2764 933 421

666 1054 864 1121 terrae
930 1058 1001 1119 et
1062 1054 1358 1120 clausum
1425 1054 1617 1121 nobis
1684 1055 2092 1135 remittebat,
2159 1060 2239 1121 ut
2305 1056 2395 1122 ad
2467 1055 2768 1143 proprios
2789 1076 3080 1135 A.D.1221

666 1176 825 1221 usus
892 1178 973 1222 ea
1038 1158 1527 1245 imperpetuum
1594 1163 1990 1225 teneremus.
2120 1157 2463 1225 Amfiidus
2507 1180 2767 1246 quoque
2787 1152 2971 1200 ‘¹²³⁵-

662 1254 861 1324 filius⁰
886 1258 1207 1325 Willelmi
1270 1261 1334 1326 le
1380 1260 1598 1327 Noble
1664 1261 1747 1327 de
1812 1260 2242 1349 Syglestorne
2287 1262 2478 1329 dedit
2554 1259 2766 1339 nobis,

663 1361 752 1426 ad
795 1363 1349 1429 sustentationem
1393 1364 1832 1449 eleemosynae
1885 1369 2118 1451 portae,
2165 1364 2414 1431 sciJicet
2457 1364 2547 1430 ad
2589 1363 2759 1431 alec¹
2786 1380 2822 1431 f.
2837 1386 2902 1431 49
2917 1380 2964 1433 b.

663 1466 1015 1531 emendum
1045 1471 1115 1531 et
1142 1466 1541 1554 pauperibus
1586 1465 2136 1545 distribuendum,
2182 1488 2390 1533 unum
2435 1468 2940 1549 clausum3A1ms
2960 1495 3014 1539 at

663 1571 751 1646 et,
795 1569 885 1633 ad
928 1590 1223 1635 annuam
1285 1569 1648 1656 pitanciam
1709 1570 2072 1635 conventui
2119 1569 2512 1651 faciendam,
2555 1591 2761 1635 unam
2783 1552 2884 1671 ἓξ
2893 1562 3084 1689 {2315

660 1671 973 1737 bovatam
1016 1675 1213 1738 terrae
1256 1694 1407 1737 cum
1450 1694 1585 1739 uno
1628 1671 1802 1738 tosto
1831 1673 1904 1737 in
1931 1672 2160 1738 eadem
2189 1672 2383 1754 vffla3
2425 1671 2760 1739 reddendo
2782 1687 3021 1751 pittance.

659 1773 937 1859 praefato
998 1770 1294 1840 Waltero
1358 1774 1439 1840 de
1507 1774 1787 1862 Spineto
1849 1781 1920 1840 et
1985 1774 2337 1840 heredibus
2402 1774 2538 1839 suis
2596 1772 2763 1839 duos

659 1877 899 1943 solidos
943 1878 1333 1957 annuatim3
1401 1899 1599 1963 quem
1656 1876 1994 1943 redditum
2043 1876 2218 1943 idem
2263 1876 2600 1943 Walterus
2615 1897 2762 1942 -no-

634 1980 761 2044 bis
804 1980 1289 2067 imperpetuum
1334 1980 1750 2046 condonavit.
1845 1978 1980 2045 Sed
2015 1983 2084 2045 et
2113 1978 2429 2065 magister
2466 1978 2762 2066 Rogems

657 2083 742 2147 de
764 2082 1216 2162 -Richemond,
1269 2084 1619 2149 canonicus
1672 2080 1960 2148 ecclesiae
2018 2081 2526 2160 Beverlacensis,
2573 2082 2762 2147 dedit

656 2184 848 2250 nobis
913 2185 1115 2250 aliam
1181 2184 1499 2250 bovatam
1574 2190 1771 2251 terrae
1837 2188 1907 2249 et
1973 2182 2160 2247 aliud
2230 2184 2542 2263 clausum,
2607 2204 2757 2269 quse

656 2288 823 2353 emit
866 2288 949 2353 de
994 2288 1290 2374 praefatis
1334 2286 1641 2352 Amfrido
1687 2292 1757 2351 et
1800 2285 2094 2350 Waltero
2140 2284 2222 2349 de
2266 2286 2558 2371 Spineto.
2658 2286 2757 2351 At
2781 2294 2946 2345 Grant
2966 2295 3028 2345 of

608 2422 615 2433 ·
654 2390 795 2476 ipse
836 2389 1172 2456 Walterus
1218 2389 1406 2454 dedit
1448 2387 1639 2453 nobis
1670 2388 1804 2452 duo
1833 2388 2055 2453 clausa
2097 2386 2393 2467 ibidem,²
2441 2395 2509 2453 et
2538 2393 2757 2454 totum
2779 2362 3085 2478 {gflksassgith

653 2492 1031 2558 theloneum
1069 2514 1280 2571 suum,
1310 2495 1381 2557 et
1425 2490 1824 2556 bordtollam
1868 2490 1955 2555 ad
2000 2511 2199 2571 mare,
2231 2490 2376 2555 sine
2419 2490 2556 2557 ullo
2587 2496 2756 2558 rete-
2781 2496 3046 2547 boardmll.

654 2600 987 2675 nomento,
1016 2595 1194 2681 quod
1240 2595 1327 2659 ad
1370 2598 1809 2659 antecessores
1837 2614 1990 2659 suos
2033 2596 2103 2657 et
2133 2614 2202 2658 se
2245 2593 2627 2681 pertinebat
2670 2594 2757 2659 ad

652 2720 833 2763 mare
878 2698 962 2764 de
1009 2696 1407 2763 Hornsebek
1434 2722 1473 2778 3·
1497 2697 1597 2763 ita
1640 2696 1838 2784 plane
1883 2696 2060 2783 quod
2103 2700 2322 2761 totum
2365 2699 2756 2784 praedictum
2779 2708 3050 2760 Provision

653 2801 1034 2867 theloneum
1088 2806 1158 2867 et
1209 2800 1541 2867 bordtolla
1587 2804 1808 2866 essent
1868 2800 1954 2865 ad
2013 2798 2376 2886 hospitium
2436 2805 2756 2882 nostrum,
2778 2775 3066 2909 1522&qu

652 2905 943 2992 exceptis
1014 2905 1299 2993 propriis
1365 2904 1653 2970 navibus
1715 2902 1979 2983 nostris,
2046 2925 2326 2988 quarum
2369 2903 2753 2971 theloneum

650 3009 737 3073 ad
781 3030 947 3095 opus
991 3013 1357 3074 conventus
1400 3009 1616 3072 nostri
1661 3006 2044 3092 assignavit.
2153 3004 2560 3072 Tholoneum
2607 3007 2753 3094 qui-

651 3112 801 3177 dem
855 3116 957 3177 est
1024 3113 1105 3177 de
1150 3109 1459 3175 omnibus
1512 3107 1969 3186 merchandiiS‚
2017 3111 2087 3173 et
2129 3107 2462 3173 bordtolla
2514 3116 2616 3177 est
2671 3112 2753 3177 de

650 3214 948 3302 qualibet
975 3236 1147 3280 nave
1199 3214 1286 3278 ad
1328 3213 1492 3278 litus
1530 3211 1902 3299 applicante
1932 3213 2218 3295 quatuor
2261 3211 2554 3304 denarii..
2619 3211 2757 3280 Sed
2778 3229 2941 3296 Right
2959 3237 3012 3280 to

650 3323 877 3382 tamen
921 3309 1287 3404 proventus
1331 3315 1709 3402 hujusmodi
1754 3313 2005 3378 ibidem
2035 3333 2171 3376 non
2214 3313 2554 3392 habemus,
2581 3336 2751 3401 prae-
2775 3299 2909 3349 ‘⁰¹¹⁸’

652 3419 884 3483 sertim
950 3441 1101 3484 cum
1180 3441 1409 3484 omnes
1499 3415 1884 3503 hujusmodi
1949 3419 2312 3501 proventus
2378 3437 2464 3481 ex
2507 3416 2756 3483 boreali
2839 3470 2842 3474 .

648 3525 836 3607 parte
908 3521 1107 3585 rivuli
1171 3521 1436 3598 ibidem,
1504 3518 1725 3584 vocati
1777 3519 1840 3582 le
1896 3517 2060 3594 Bek,
2128 3517 2216 3582 ad
2269 3518 2636 3584 dominium
2681 3525 2752 3587 et

647 3623 1031 3688 libertatem
1075 3622 1255 3689 viuae
1320 3623 1402 3688 de
1458 3622 1740 3698 Hornse‚
1788 3625 1858 3686 et
1902 3643 1989 3686 ex
2032 3622 2308 3686 australi
2351 3628 2540 3708 parte
2586 3622 2749 3690 dicti

648 3727 852 3792 rivuli
882 3727 1061 3812 apud
1082 3726 1111 3765 ⁸
1153 3725 1317 3792 litus
1363 3726 1445 3792 de
1490 3726 1808 3803 Burtona,
1837 3724 1924 3789 ad
1955 3723 2294 3790 dominum
2339 3723 2422 3791 de
2469 3727 2752 3794 Holder-

646 3855 829 3899 nesse
846 3831 873 3870 ⁴
917 3836 1273 3899 noscantur
1302 3832 1647 3920 pertinere.
1724 3829 1930 3896 Dedit
1973 3830 2150 3896 idem
2180 3831 2516 3898 Walterus
2559 3835 2750 3901 nobis
2775 3850 2936 3903 Grant
2957 3854 3063 3905 osa

646 3935 1052 4002 Wiilelmum
1117 3934 1293 4022 Why
1301 3941 1505 4020 tmay,
1570 3933 1877 3998 nativum
1943 3953 2154 4011 suum,
2217 3955 2367 3998 cum
2429 3939 2576 4000 tota
2647 3958 2747 4003 se-
2770 3918 3038 3972 bondman.

644 4039 839 4124 quola
881 4059 1017 4104 sua.
1108 4037 1301 4105 Idem
1317 4035 1346 4075 ⁵
1388 4041 1615 4104 autem
1659 4035 1863 4100 abbas
1906 4033 2228 4100 Ricardus
2272 4037 2589 4105 concessit
2622 4037 2749 4104 ad⁰

639 4141 817 4206 feodi
858 4139 1119 4206 firmam
1163 4138 1427 4216 cuidam
1470 4138 1825 4218 Vincencio
1869 4137 2008 4203 filio
2055 4135 2320 4202 Ricardi
2368 4138 2450 4203 de
2494 4137 2745 4226 Mapel-

639 4247 802 4308 tona
824 4239 850 4279 ⁷
892 4243 1319 4308 medietatem
1346 4239 1547 4306 unius
1589 4241 1794 4307 clausi
1825 4239 2002 4326 quod
2044 4239 2397 4305 habuimus
2441 4241 2524 4306 de
2568 4241 2746 4308 dicto

712 4477 727 4507 ²
762 4473 895 4541 alec]
934 4475 1063 4567 auce
1084 4473 1139 4524 in
1159 4473 1274 4525 MS.
1318 4552 1333 4566 ·
1804 4469 1825 4498 ³
1858 4465 2024 4533 Idem]
2064 4465 2183 4530 Qui,
2205 4467 2268 4518 Ρ.

709 4557 731 4666 ἰ
762 4553 1259 4701 ᾌἯζΐὲᾶω
1280 4553 1421 4616 '¹¹¹⁸’
1442 4551 1504 4603 P.
1805 4603 1825 4630 ⁸
1857 4598 2014 4652 Aser
2033 4597 2105 4650 ad
2122 4599 2284 4651 insert
2307 4609 2615 4668 perpetuam,
2635 4603 2698 4656 P.

710 4715 729 4745 4

646 4793 660 4805 .
720 4714 834 4844 Pad
865 4752 878 4767 .
914 4751 928 4766 .
964 4751 978 4766 .
1014 4711 1365 4781 Holdemme]
1419 4713 1648 4782 wanting
1806 4721 1824 4748 ⁷
1857 4717 2176 4786 Mapeltona]
2214 4717 2556 4785 Mappletom,
2578 4719 2638 4772 P.

642 4809 699 4844 m
766 4830 781 4846 .
