3519 5734
1119 1603 1457 1680 TABLE
1538 1605 1659 1680 oF
1738 1601 2318 1680 CHAPTERS.

1336 1990 1573 2058 Adam
1616 1990 1820 2058 abbae
1853 1991 2154 2080 primus.

390 2093 614 2159 Eget-ton
678 2089 982 2150 Praefatio.

448 2161 557 2213 MS.

432 2233 573 2278 1141.

678 2185 731 2243 1.
776 2184 1045 2258 Qualiter
1085 2186 1277 2262 primo
1316 2188 1571 2264 sumpsit
1608 2188 1920 2247 exordium
1958 2185 2378 2246 monasterium
2417 2183 2492 2244 de
2532 2183 2770 2254 Melsa3

837 2278 916 2336 de
952 2277 1082 2354 ejus
1122 2280 1378 2354 nomine,
1428 2288 1491 2338 et
1530 2279 1798 2357 ejusdem
1837 2281 2094 2339 nominis
2135 2278 2532 2357 etymologia.¹

677 2384 765 2443 ΙΙ.
808 2384 905 2444 De
944 2403 1125 2444 causa.
1162 2385 1539 2462 fundationiS,
1581 2395 1643 2447 et
1681 2389 1804 2447 situ
1843 2387 1978 2447 loci.

681 2477 804 2538 III.
842 2477 938 2537 De
980 2497 1161 2538 causa
1212 2480 1467 2540 nominis
1520 2481 1655 2553 loci,
1698 2488 1761 2540 et
1814 2479 1944 2556 ejus
1999 2481 2370 2558 separatione
2423 2499 2461 2538 a
2501 2478 2776 2538 dominiis

838 2569 1267 2648 adjacentibus,

682 2663 799 2723 IV.
841 2663 935 2722 De
975 2665 1171 2741 prima
1210 2665 1555 2724 monasterii
1600 2665 1991 2726 aedifioatione
2031 2673 2095 2726 et
2119 2665 2542 2724 monachorum
2569 2663 2778 2724 induo-

840 2756 1001 2814 tione
1023 2779 1039 2825 ;
1064 2763 1126 2816 et
1169 2759 1525 2816 tenementis
1567 2758 1753 2826 nobie,
1785 2759 1941 2818 datis
1989 2778 2096 2836 per
2125 2759 2514 2818 willielmum
2559 2756 2772 2830 Groos,

842 2849 1133 2923 comitem,
1197 2849 1575 2912 fundatorem
1635 2856 1921 2926 nostrum,
1985 2852 2048 2910 in
2111 2849 2404 2929 Waghna,
2465 2851 2644 2910 bosco
2702 2849 2776 2909 de

841 2946 1031 3020 Ruda,
1076 2947 1321 3007 Hotona
1360 2956 1423 3009 et
1462 2948 1799 3026 Eggetona.

1501 3339 1961 3402 CAPITULA.

1439 3600 1676 3669 Adam
1718 3600 1920 3670 abba-s
1969 3604 2020 3667 1.

372 3742 621 3808 Phillipps
731 3748 782 3805 1.
828 3743 1096 3819 Qualiter
1176 3746 1430 3823 primum
1500 3748 1751 3823 sumpsit
1834 3746 2146 3807 exordium
2211 3744 2636 3805 monasterium
2703 3742 2778 3801 de

432 3810 577 3929 ἐξῇ.
843 3838 1085 3909 Melea3
1146 3838 1222 3897 de
1290 3838 1420 3915 ejus
1482 3840 1736 3913 nomine,
1789 3846 1851 3899 et
1911 3840 2177 3917 ejusdem
2233 3838 2490 3897 nominis
2547 3844 2780 3915 etymo-

844 3932 902 3991 lo
944 3932 1003 3990 ia
1042 3964 1067 3977 -
1310 3965 1335 3977 -
1577 3966 1599 3977 -
1842 3968 1866 3979 -
2107 3964 2132 3979 ..
2371 3964 2395 3976 -
2635 3963 2660 3975 ,
2701 3930 2771 3985 21

724 4026 780 4084 2.
822 3952 942 4084 Deg
958 4044 1139 4084 causa
1178 4024 1559 4095 fundationiS,
1604 4032 1666 4085 et
1706 4026 1827 4084 situ
1869 4025 1985 4084 loci
2106 4058 2130 4070 -
2369 4057 2393 4069 -
2633 4055 2658 4067 -
2737 4023 2778 4079 2

726 4122 779 4176 3.
822 4119 1139 4259 Ιίῧθὲεἶὲιεα
1188 4117 1445 4247 nominis
1500 4118 1633 4243 looi,
1690 4126 1753 4177 et
1807 4118 1936 4243 ejus
1991 4118 2394 4244 soporatione-
2425 4136 2462 4175 a
2501 4115 2780 4253 dominiig

724 4292 777 4351 4.
820 4290 915 4350 Do
953 4292 1146 4368 prima.
1189 4292 1535 4351 monasterii
1599 4291 2005 4366 aedificatione,
2061 4299 2124 4351 et
2178 4290 2524 4350 inductione
2577 4308 2782 4349 mona-

841 4385 1089 4444 chorum
1148 4404 1286 4444 cum
1354 4385 1592 4443 domino
1662 4385 1864 4445 Adam
1937 4385 2150 4446 abbate
2209 4384 2403 4462 primo
2471 4386 2536 4442 in
2604 4382 2781 4443 abba·

842 4478 990 4538 tiam
1042 4510 1068 4523 -
1308 4507 1333 4523 -
1575 4510 1598 4522 -
1839 4510 1863 4523 -
2109 4509 2134 4523 .
2371 4506 2394 4521 .
2634 4506 2660 4521 .
2739 4478 2780 4535 4

755 4736 769 4765 ¹
805 4733 1107 4803 emeloqia]
1147 4732 1473 4800 ethimologia
1488 4734 1541 4787 in
1558 4733 1683 4787 both
1857 4736 1878 4764 ²
1911 4734 2022 4785 The
2041 4735 2321 4787 referenoes
2341 4746 2426 4786 are
2443 4740 2495 4785 to
2517 4728 2602 4784 the
2615 4730 2783 4783 leaves

687 4816 840 4869 MSS.
1792 4814 1850 4866 of
1865 4812 1952 4865 the
1973 4813 2205 4878 Philipps
2225 4813 2342 4867 ΜΒ.
2468 4894 2510 4957 2

833 4924 842 4935 ·
2375 4908 2422 4956 A
