3519 5734
1195 880 1391 931 suco
1436 880 1652 933 Aesis
1698 880 2020 942 cmm-ua
2513 863 2640 930 385

548 1052 955 1125 evangelicam
994 1054 1413 1126 perfectionem
1459 1054 1725 1127 implere,
1768 1058 2170 1127 paupertatem
2209 1052 2642 1126 apprehendere
2667 1053 2804 1105 ΑΒ.
2832 1060 2960 1107 1210

549 1144 611 1195 et
648 1179 662 1193 .
704 1179 721 1194 .
762 1144 975 1196 sanctoe
1027 1138 1423 1211 simplicitatis
1470 1139 1631 1195 viam
1679 1138 1972 1195 incedere.
2049 1138 2303 1212 Scripsit
2359 1143 2646 1211 praeterea
2667 1126 2848 1175 ‘¹²²⁰-

548 1222 945 1294 evangelicam
982 1223 1251 1295 regulam
1287 1222 1401 1279 sibi
1439 1232 1501 1278 et
1542 1223 1665 1277 suis
1702 1222 1986 1277 fratribus
2008 1221 2229 1278 habitis
2255 1226 2317 1277 et
2337 1220 2640 1286 habendis,

549 1325 725 1378 quam
787 1306 1055 1363 dominus
1126 1324 1277 1379 papa
1325 1306 1702 1363 hmocentius
1763 1308 1797 1361 3
1869 1306 2187 1378 praedictus
2261 1306 2642 1362 confirmavit.

550 1390 770 1477 Coepit
815 1396 1062 1458 extunc
1128 1390 1491 1455 ferventius
1552 1390 1742 1457 verbi
1806 1389 1936 1456 Dei
2004 1393 2256 1456 semina
2319 1412 2639 1478 spargere,

547 1493 853 1559 civitates
897 1498 966 1559 et
1011 1492 1279 1560 castella
1322 1492 1580 1558 fervore
1638 1491 1936 1557 mirabili
1980 1492 2274 1571 circuire,
2317 1492 2640 1558 mirabilis

548 1595 839 1681 undique
869 1617 1243 1677 coruscare3
1288 1600 1355 1660 et
1384 1594 1624 1660 fratres
1654 1616 1808 1660 suos
1837 1594 1986 1660 ideo
2015 1604 2050 1631 ‘⁴
2073 1596 2362 1661 Minores
2383 1592 2422 1625 ’³
2451 1617 2640 1661 voca-
2825 1662 2832 1669 ,

548 1696 651 1761 vit
699 1703 780 1763 ut
825 1696 1101 1783 majores
1145 1698 1289 1764 fieri
1333 1720 1469 1764 non
1513 1703 2000 1785 praesumerent.
2123 1698 2389 1763 Mortuo
2454 1698 2638 1764 Hen-
2663 1718 2858 1770 Affairs
2877 1720 2940 1771 of

544 1799 677 1864 rico
720 1800 1117 1887 imperatore
1181 1802 1238 1879 5,
1286 1799 1613 1889 principes
1674 1799 2090 1866 Alemanniae
2134 1801 2638 1882 discordabant3
2668 1786 2940 1853 Gen-many.

546 1922 703 1967 nam
768 1923 907 1967 una
976 1924 1127 1989 pars
1200 1902 1401 1991 elegit
1472 1900 1808 1967 Othonem
1883 1906 1951 1967 et
2027 1900 2162 1966 alia
2237 1901 2633 1989 Philippum.

548 2004 794 2070 Fuerat
838 2004 1013 2070 enim
1058 2006 1274 2071 dictus
1323 2003 1756 2070 Innocentius
1802 2025 1976 2091 papa
2022 2007 2123 2071 3¹¹⁸
2170 2004 2479 2091 Philippo
2524 2005 2641 2070 ad-

545 2108 875 2173 versarius
918 2114 1186 2196 propter
1214 2108 1489 2174 fratrem
1534 2128 1725 2173 suum
1758 2106 2223 2193 imperatorem
2258 2107 2642 2185 Henricum‚

545 2211 659 2296 qui
705 2216 935 2276 contra
992 2211 1441 2277 Christianam
1502 2210 1887 2295 religionem
1947 2210 2020 2274 in
2081 2232 2286 2297 regno
2347 2210 2592 2277 Siliciae
2618 2207 2638 2247 ¹

545 2312 1063 2400 archiepiscopos
1106 2319 1177 2379 et
1220 2311 1555 2400 episcopos
1598 2312 2073 2393 trucidaverat,
2119 2318 2190 2378 et
2235 2318 2466 2378 contra
2511 2312 2640 2377 Ro-

545 2437 809 2480 manam
854 2416 1187 2481 ecclesiam
1219 2436 1475 2501 semper
1504 2413 1932 2501 tyrannidem
1964 2415 2346 2496 exercebat;
2375 2420 2644 2502 propter

545 2517 722 2604 quod
788 2518 1008 2604 ipsum
1056 2522 1124 2582 et
1173 2534 1404 2581 omnes
1468 2515 1763 2581 fautores
1809 2538 1960 2583 suos
2025 2518 2640 2585 excommunicavit.

545 2619 895 2707 Philippus
939 2639 1097 2683 vero
1158 2618 1297 2683 dux
1344 2618 1612 2684 Sueviae
1673 2622 1818 2685 erat
1883 2623 1952 2684 et
2015 2642 2324 2707 magnam
2386 2626 2642 2707 partem
2707 2704 2714 2711 ι

544 2722 806 2788 Sueviae
851 2744 970 2809 pro
1016 2743 1085 2787 se
1130 2720 1431 2787 habebat.
1525 2722 1703 2807 Papa
1746 2726 1974 2788 tamen
2021 2722 2258 2788 Octoni
2292 2722 2442 2789 duci
2475 2722 2640 2788 Sax-

545 2825 716 2892 oniae
761 2825 1046 2891 viriliter
1090 2823 1385 2902 adhaesit,
1434 2829 1504 2890 et
1549 2825 1766 2913 ipsum
1828 2826 1901 2891 in
1963 2848 2184 2913 regem
2229 2826 2640 2896 Alemanniae

541 2929 783 2994 fecerat
826 2928 1139 2994 coronari.
1231 2928 1525 3002 Tandem
1587 2915 1892 3016 Philippo
1938 2929 2156 2996 dolose
2201 2931 2408 2996 occiso
2454 2932 2634 2998 Otho

428 3044 437 3052 ’
540 3031 958 3118 praevalebat.
1028 3031 1181 3112 Qui,
1212 3036 1478 3117 accepta
1520 3052 1774 3111 corona,
1819 3032 2048 3096 statim
2079 3053 2370 3118 pugnam
2399 3033 2636 3100 habuit

541 3155 689 3199 cum
738 3132 1054 3200 Romanis
1096 3138 1365 3221 propter
1391 3155 1527 3198 non
1572 3133 1949 3199 exhibitum
1978 3134 2334 3215 honorem;
2378 3141 2448 3201 et
2478 3137 2634 3202 inde

542 3241 769 3302 contra
831 3259 1020 3324 papae
1082 3237 1497 3300 voluntatem
1580 3234 1864 3302 abstulit
1926 3258 2203 3324 regnum
2266 3237 2530 3324 Apuliae
2595 3263 2638 3304 a

544 3339 887 3404 Frederico
930 3360 1084 3426 rege
1130 3337 1376 3404 Siliciae
1395 3363 1412 3419 ;
1434 3336 1463 3374 ²
1507 3359 1638 3424 qua
1683 3338 1764 3403 de
1811 3360 2008 3406 causa
2059 3361 2101 3404 a
2151 3340 2421 3406 domino
2466 3363 2638 3428 papa

541 3441 1145 3507 excommunicatus
1190 3445 1307 3506 est.
1402 3439 1589 3518 Inde,
1638 3443 1711 3505 4⁰
1756 3463 1934 3507 anno
1979 3442 2242 3529 imperii
2287 3443 2408 3520 sui,
2453 3444 2634 3531 prin-

540 3543 715 3629 cipes
759 3542 1173 3607 Alemanniae
1206 3541 1629 3608 Fredericum
1666 3549 2022 3610 erexerunt
2051 3546 2122 3610 in
2153 3544 2632 3633 imperatorem,

540 3646 654 3730 qui
698 3645 1046 3709 victoriose
1090 3643 1537 3732 triumphavit
1581 3644 1664 3710 de
1711 3643 1984 3714 Octone.
2077 3648 2344 3713 Mortuo
2389 3649 2634 3735 quippe
2661 3661 2958 3716 Succession

544 3745 933 3812 Innocentio
996 3768 1171 3834 papa
1234 3750 1295 3826 3,
1340 3747 1454 3834 qui
1504 3750 1587 3810 18
1632 3749 1826 3812 annis
1872 3749 2017 3835 jam
2062 3749 2352 3831 sedebat,
2402 3750 2632 3816 Hono·
2656 3731 2915 3850 ffofflffus

538 3849 677 3914 rius
724 3853 764 3915 3
811 3849 873 3914 ei
917 3849 1320 3925 succedebat,
1368 3849 1483 3935 qui
1528 3849 1743 3936 primo
1788 3851 1892 3915 sui
1937 3873 2112 3916 anno
2159 3853 2456 3918 ordinem
2501 3853 2632 3917 fra·
2657 3863 2756 3914 111.

537 3957 717 4017 trum
764 3951 1280 4018 Praedicatorum
1327 3953 1764 4020 confirmavit.
1836 3953 2042 4040 Cujus
2084 3960 2377 4043 tempore
2408 3955 2629 4022 Chris·
2657 3969 2867 4036 Taking
2889 3972 2950 4021 of

537 4055 708 4120 tiani
754 4059 1072 4142 ceperunt
1117 4054 1513 4120 Damiatam.
1585 4053 1717 4122 Sed
1750 4055 2110 4138 Sarracem,
2153 4057 2432 4124 fortuito
2479 4081 2633 4125 casu
2655 4035 2706 4084 D
2708 4037 2924 4090 amietta.

542 4158 985 4244 contingente,
1048 4177 1193 4221 eam
1265 4163 1497 4243 postea
1568 4164 2142 4246 recuperaverunt.
2261 4161 2361 4226 Eo
2430 4161 2630 4228 etiam
2657 4169 2730 4220 St.
2755 4169 2922 4222 Elian·

551 4266 844 4348 tempore
890 4258 1127 4326 claruit
1171 4257 1415 4326 Sancta
1446 4259 1798 4327 Elizabeth
1842 4261 1982 4326 filia
2024 4262 2201 4350 regis
2247 4264 2629 4353 Hungariae‚
2655 4237 2924 4370 ffsszggry.

548 4383 695 4448 quse
739 4361 871 4429 fuit
914 4383 1087 4427 uxor
1132 4361 1513 4452 Lamgravii
1578 4364 1764 4430 ducis
1808 4363 2204 4453 Thuringiae,
2252 4389 2400 4454 quae
2461 4368 2636 4434 inter

610 4633 624 4662 ¹
668 4629 882 4699 Silia-ie]
936 4633 1123 4684 altered
1170 4632 1225 4684 in
1279 4633 1367 4684 the
1420 4633 1540 4687 MS.
1702 4637 1723 4666 ²
1763 4634 1976 4703 silicia]
2047 4637 2116 4688 So
2183 4637 2236 4687 in
2303 4637 2458 4698 Ms.;
2517 4641 2636 4690 read

544 4709 677 4762 from
700 4711 906 4764 Siciliae.
968 4712 1113 4762 Read
1134 4711 1336 4764 Siciliae.
1640 4714 1844 4766 Siciliae.

2233 4814 2366 4864 BB
