3519 5734
724 791 755 850 1
769 788 853 850 22
1377 800 1577 850 ADAM
1620 801 1840 853 ABBAS
1887 803 2160 852 PRIMUS.

721 983 1095 1048 peccatorum
1163 977 1491 1042 indixisset,
1554 978 1866 1033 tundentes
1936 984 2174 1049 pectora
2195 977 2212 1010 ¹
2269 979 2484 1035 erectis
2512 990 2518 1000 ·
2547 979 2822 1034 manibus

722 1070 989 1126 divinum
1025 1070 1309 1125 auxilium
1358 1070 1762 1142 precabantur.
1861 1061 2169 1147 Dataque
2229 1063 2471 1150 populo
2535 1063 2620 1128 ab
2689 1063 2824 1150 epi-

384 1175 569 1228 Defeat
589 1178 675 1228 of·
721 1185 914 1249 scopo
959 1162 1432 1242 benedictione,
1481 1163 1809 1228 exercitus
1844 1164 2317 1251 jungebantur.
2386 1164 2566 1230 Dum
2596 1171 2824 1230 autem
2848 1169 2979 1221 Hen-
2995 1171 3159 1223 Hunc.

384 1245 471 1296 ¹¹¹⁶
496 1245 654 1297 δῦθι*
721 1266 891 1331 acies
959 1264 1333 1330 Scottorum
1401 1264 1854 1345 Loevensium‚
1903 1268 2017 1351 qui
2070 1264 2349 1353 gloriam
2394 1267 2592 1355 primi
2652 1268 2826 1333 ictus
2848 1253 2896 1304 Ρ·
2921 1243 3032 1288 3⁸⁸⁰

719 1367 1105 1455 postpositis
1152 1366 1613 1432 Galwensibus
1656 1388 1700 1431 a
1739 1389 1893 1454 rege
1938 1368 2313 1434 Scottorum
2357 1369 2574 1435 invito
2617 1370 2824 1455 prori-

721 1475 1021 1558 puerant,
1095 1491 1293 1556 super
1348 1469 1553 1534 aciem
1615 1469 1916 1554 equitum
1983 1471 2354 1557 Anglorum
2421 1476 2824 1537 armatorum

722 1571 1121 1660 percutiunt,
1195 1591 1497 1657 percusso
1542 1571 1794 1654 sagitta
1858 1593 2114 1636 summo
2178 1573 2342 1638 duce
2389 1573 2824 1638 Leovensium

718 1673 968 1740 corruit
1012 1673 1168 1758 ipse,
1201 1678 1270 1737 et
1312 1677 1457 1738 tota
1498 1693 1660 1758 gens
1704 1694 1928 1737 eorum
1973 1675 2044 1737 in
2091 1674 2317 1760 fugam
2363 1680 2466 1740 est
2491 1697 2820 1742 conversa.

725 1776 893 1840 Tota
974 1796 1259 1860 namque
1333 1797 1495 1861 gens
1572 1773 1943 1860 Anglorum
2017 1777 2382 1862 sagittariis
2455 1777 2826 1843 commixtis

729 1876 1065 1963 equitibus
1137 1878 1214 1941 in
1281 1899 1415 1941 una
1480 1877 1617 1942 acie
1681 1878 1850 1942 circa
1915 1878 2348 1944 standardum
2435 1879 2826 1966 conglobata

728 1979 1171 2067 persistebant
1212 1977 1625 2044 immobiles.2
1718 1979 1994 2065 Fugam
2045 1982 2366 2046 sociorum
2409 1982 2642 2048 videns
2693 1984 2828 2049 alia

720 2082 894 2147 acies
938 2083 1233 2145 maxima
1284 2073 1676 2158 Scottorum,
1724 2103 1872 2167 quae
1919 2105 2004 2147 ex
2047 2082 2256 2148 altera
2283 2090 2472 2170 parte
2515 2085 2827 2176 acerrime

726 2184 1084 2271 pugnabat,
1138 2182 1360 2248 animo
1407 2181 1676 2249 delituit
1724 2189 1794 2250 et
1838 2185 2014 2272 fugae
2058 2185 2459 2272 indulgebat.
2547 2186 2824 2252 Interim

724 2291 965 2362 autem,
1013 2285 1285 2370 quidam
1350 2307 1435 2350 ex
1493 2286 1745 2372 Anglis,
1793 2294 2054 2373 accepto
2100 2286 2385 2374 quodam
2430 2288 2644 2374 capite
2689 2310 2827 2352 am-

726 2393 960 2475 putato
1022 2387 1367 2452 aurifrisiis
1431 2387 1733 2453 decenter
1780 2395 2030 2468 ornato,
2091 2390 2257 2455 illud
2321 2411 2514 2477 super
2565 2389 2824 2456 hastam

726 2489 1034 2570 elevavit,
1110 2491 1364 2555 cunctis
1428 2491 1987 2579 proclamantibus
2046 2493 2264 2578 ipsum
2339 2497 2536 2578 caput
2600 2493 2825 2559 David

720 2592 893 2680 regis
936 2591 1319 2657 Scottorum
1362 2593 1639 2658 affuisse.
1735 2592 1881 2673 Quo
1949 2596 2160 2660 nostri
2220 2589 2488 2681 Angssici
2549 2597 2826 2661 animati

722 2699 795 2760 et
828 2694 1041 2760 Scotti
1087 2693 1439 2773 debilitati,
1471 2694 1696 2760 David
1741 2718 1890 2761 cum
1936 2697 2071 2762 suis
2115 2697 2428 2783 fugiente,
2462 2699 2660 2763 finem
2694 2722 2826 2765 cer-

726 2797 962 2860 tamini
1021 2796 1427 2861 adhibebant
1492 2797 1723 2876 Scotti,
1785 2803 2011 2863 tamen
2083 2799 2412 2887 fugientes
2475 2824 2517 2866 a
2577 2803 2823 2869 nostris

721 2900 964 2964 acriter
1008 2899 1281 2965 fuerunt
1332 2900 1631 2965 insecuti.
1729 2900 1812 2965 In
1857 2901 2096 2986 quibus
2139 2903 2401 2968 aciebus
2449 2905 2828 2971 Scottorum

725 3001 1145 3088 praescriptus
1238 3002 1571 3068 Henricus
1634 3003 1813 3068 filius
1857 3004 2082 3069 David
2146 3006 2317 3093 regis
2376 3006 2556 3072 inter
2601 3030 2825 3073 omnes

728 3103 995 3169 Scottos
1024 3104 1283 3170 virilius
1328 3126 1397 3170 se
1442 3105 1817 3173 exhibebat.
1897 3107 2100 3173 Multi
2143 3108 2411 3193 quidem
2441 3109 2825 3175 Scottorum

729 3207 804 3271 in
866 3207 1092 3272 eodem
1155 3207 1467 3273 conflictu
1530 3208 1723 3274 occisi
1789 3207 2078 3287 fuerunt,
2127 3216 2322 3275 extra
2379 3203 2493 3275 eos
2515 3211 2541 3247 ⁸
2587 3212 2703 3297 qui
2747 3212 2822 3276 in

730 3307 890 3397 fuga
933 3310 1007 3373 in
1051 3310 1306 3396 segetib
1315 3332 1386 3375 us
1452 3315 1522 3375 et
1584 3310 1772 3374 silvis
1836 3311 2100 3376 inventi
2159 3316 2318 3375 sunt
2361 3316 2433 3377 et
2476 3314 2818 3400 perempti.

731 3410 929 3476 Unus
974 3417 1240 3477 tantum
1277 3434 1363 3478 ex
1406 3412 1711 3477 omnibus
1757 3414 2000 3478 nostris
2043 3414 2380 3499 equitibus
2423 3420 2526 3479 est
2561 3416 2824 3481 occisus,
2894 3462 2901 3467 -

730 3512 939 3598 Cujus
1013 3519 1289 3579 eventus
1362 3514 1522 3579 belli
1619 3510 1768 3580 cum
1843 3516 1983 3603 regi
2057 3516 2393 3602 Stephano
2469 3518 2826 3584 nuntiatus

728 3615 979 3693 fuisset,
1054 3616 1193 3702 ipse
1281 3621 1351 3682 et
1439 3638 1664 3682 omnes
1739 3618 1857 3703 qui
1943 3617 2221 3683 aderant
2297 3640 2585 3685 summas
2684 3620 2829 3687 Deo

722 3718 979 3803 gratias
1025 3718 1462 3786 exsolverunt.

1128 4048 1143 4079 ¹
1171 4046 1401 4111 pectora]
1440 4060 1636 4111 pecora,
1659 4044 1775 4097 MS.

1126 4130 1147 4159 ²
1174 4125 1501 4193 persistebant
1520 4124 1800 4193 immobiles]
1841 4125 1952 4177 The
1973 4128 2183 4193 reading
2204 4128 2265 4178 of
2277 4128 2363 4181 the
2387 4129 2500 4181 MS.

1131 4210 1151 4239 ⁸
1181 4206 1285 4273 eos]
1324 4220 1498 4258 eorum
1520 4208 1573 4257 in
1594 4206 1709 4257 MS.
