3519 5734
1368 819 1565 870 mm
1607 819 1825 870 ABBAs
1867 819 2142 871 ramus,
2679 807 2804 870 125

596 1115 603 1122 ·
717 1073 877 1140 CAP.
925 1071 1135 1138 XXV.
1212 1072 1315 1138 De
1369 1071 1725 1138 rebellione
1784 1071 2042 1158 ‘reqi‘noe
2099 1079 2160 1140 et
2211 1072 2807 1142 Londonieneium

890 1181 1129 1241 contra
1178 1173 1685 1262 imperatricem
1700 1199 1729 1255 ;
1781 1175 1966 1262 fuya
2005 1175 2468 1262 imperatricis
2511 1199 2558 1243 α
2611 1175 2810 1263 Wyn-

889 1277 1089 1343 tonia
1105 1301 1135 1358 ;
1182 1275 1493 1364 captione
1538 1275 1810 1342 comitis
1858 1277 2254 1358 Glove‘mioe,
2299 1285 2360 1344 et
2413 1278 2808 1346 liberatione

866 1378 1067 1476 ‘regis
1084 1403 1114 1458 ,·
1145 1378 1333 1465 fu9a
1361 1377 1541 1464 reglis
1569 1400 1617 1444 a
1654 1377 2000 1465 Wyltonia
2015 1402 2047 1460 ;
2075 1379 2260 1466 fuya
2300 1381 2556 1448 iterum
2594 1381 2808 1469 ismpe-

886 1481 1197 1651 ἔὲιιξιόἶῗῖο
1248 1481 1331 1547 ab
1408 1479 1681 1548 Ooeo‘nia
1702 1506 1726 1549 .·
1801 1488 1862 1548 et
1929 1481 2010 1548 de
2072 1481 2360 1550 coneilio
2427 1483 2812 1552 Londoniis

378 1752 436 1805 J.
452 1751 681 1818 Brompt.
800 1733 907 1796 Ex
952 1746 1167 1797 eventu
1219 1731 1541 1819 captionis
1586 1733 1757 1821 regis
1814 1732 2132 1820 Stephani
2169 1742 2434 1798 Matildis
2469 1741 2812 1815 imperatrix
2835 1747 2971 1798 A.D.
2999 1753 3120 1800 {141

378 1819 647 1872 eol.1031.
712 1833 891 1889 nimis
948 1834 1103 1890 elata
1161 1833 1617 1890 cirencestriam
1675 1841 1940 1908 occupat,
1998 1834 2209 1892 deinde
2260 1835 2654 1908 Wyntoniam,
2705 1835 2810 1892 ubi
2831 1820 3016 1906 ‘{¹⁴³·

612 1925 621 1936 ’
718 1959 731 1972 .
774 1959 789 1975 .
832 1959 847 1973 .
888 1918 1243 1990 approbante
1276 1919 1389 1974 hoc
1436 1937 1603 2000 papae
1650 1919 1850 1991 legato
1902 1919 2413 1990 processionaliter
2465 1920 2806 1991 suscipitur.
2833 1893 3150 2012 gffiffixf

714 2001 805 2056 In·
822 2001 1179 2073 Wyltonam,
1219 2000 1520 2067 Oxoniam,
1560 2002 1892 2075 Redingam
1941 2008 2002 2058 et
2051 2003 2126 2058 ad
2180 2002 2459 2060 Sanctum
2491 2003 2806 2068 Albanum,
2832 2026 3002 2089 pm
3021 2043 3113 2080 ω-

713 2085 829 2141 iter
888 2086 1171 2157 dirigens,
1235 2091 1577 2141 occurrente
1636 2087 1942 2157 potissime
1994 2085 2326 2142 Theobaldo
2375 2087 2810 2158 archiepiscopo
2833 2092 3016 2156 copied
3037 2095 3108 2160 by

715 2169 1140 2234 cantuariensi,
1192 2187 1229 2224 a
1274 2169 1501 2225 cunctis
1558 2169 1799 2240 ubique,
1863 2169 2118 2241 exceptis
2187 2169 2328 2225 solis
2387 2170 2806 2234 Kentensibus,
2833 2159 3066 2210 fflffldfl·

718 2259 1024 2324 gratanter
1059 2253 1366 2324 excipitur.
1409 2293 1425 2308 .
1483 2294 1498 2308 .
1560 2293 1575 2308 .
1631 2252 1780 2308 Inde
1833 2253 2163 2308 Londonias
2221 2254 2460 2308 veniens
2520 2255 2593 2309 de
2655 2259 2811 2310 statu
2836 2261 2938 2314 She
2961 2270 3130 2316 enters

721 2337 895 2409 regni
929 2343 1253 2393 tractatura
1306 2375 1323 2390 .
1376 2375 1393 2391 .
1448 2377 1463 2391 .
1514 2336 1888 2406 interpellata
1922 2341 2013 2391 est
2047 2353 2084 2390 a
2116 2335 2324 2406 regina
2356 2336 2614 2408 Angliae,
2651 2336 2812 2408 regis
2833 2329 3068 2381 London.

717 2421 999 2494 Stephani
1042 2437 1239 2486 uxore,
1278 2427 1349 2475 ut
1396 2438 1501 2474 rex
1549 2419 1777 2475 absolvi
1825 2424 2042 2490 posset,
2099 2435 2170 2473 ea
2220 2419 2431 2474 saltem
2483 2420 2812 2476 conditione

714 2513 890 2585 quod,
918 2531 1103 2584 regno
1126 2512 1488 2583 imperatrici
1524 2510 1775 2576 reddite,
1814 2529 1918 2565 rex
1955 2501 2332 2587 Stephanus
2366 2511 2582 2566 alicubi
2615 2519 2816 2583 posset

713 2605 1054 2660 monachari
1090 2608 1193 2658 aut
1226 2608 1511 2674 perpetuo
1545 2602 1930 2673 peregrinari.
2004 2602 2123 2659 Sed
2159 2619 2288 2658 eam
2322 2603 2664 2675 imperatrix
2698 2621 2816 2660 non

717 2685 965 2744 audivit.
1037 2687 1423 2758 Interpellata
1471 2693 1562 2742 est
1614 2685 1792 2740 etiam
1853 2704 1889 2741 a
1947 2686 2174 2743 civibus
2232 2686 2684 2752 Londoniarum,
2745 2694 2816 2744 ut

713 2772 921 2828 liceret
972 2771 1059 2827 eis
1108 2771 1199 2826 uti
1245 2770 1483 2842 legibus
1543 2768 1743 2825 Sancti
1802 2769 2096 2834 Edwardi‚
2148 2787 2266 2825 non
2323 2779 2520 2826 autem
2577 2771 2810 2842 legibus

712 2857 900 2929 patris
938 2855 1031 2911 sui
1066 2853 1334 2919 Henrici,
1374 2853 1514 2923 quia
1548 2872 1759 2925 graves
1797 2859 1978 2911 erant.
2052 2853 2169 2911 Sed
2209 2855 2315 2911 illa
2346 2874 2466 2911 non
2499 2856 2812 2927 acquievit.

718 2949 867 3004 Inde
905 2940 1133 3026 regina
1181 2960 1353 3004 uxor
1412 2938 1748 3025 Stephani,
1795 2960 1943 3003 cum
1997 2938 2354 3005 willielmo
2399 2938 2684 3026 Yprensi
2742 2945 2813 3006 et
2835 2962 3014 3015 1:116.

666 3056 677 3067 '
714 3040 1180 3119 KentensibUS‚
1206 3046 1275 3105 et
1296 3049 1549 3121 populus
1587 3040 2079 3105 Londoniarum
2110 3054 2426 3105 commotus
2451 3067 2581 3105 eam
2604 3067 2810 3121 capere
2837 3039 3069 3107 Attempt

717 3143 1098 3214 satagebant.¹
1173 3141 1341 3211 Quod
1376 3141 1484 3197 illa
1536 3142 1918 3213 comperiens,
1976 3141 2220 3196 dimissa
2264 3140 2424 3195 omni
2458 3140 2812 3212 supellectili
2837 3107 3048 3225 ἓξὲξξω
3069 3181 3124 3225 to

718 3245 843 3293 sua,
885 3226 1169 3283 Oxoniam
1206 3228 1379 3299 fugit.
1479 3224 1597 3281 Ubi
1650 3226 1948 3297 dispersos
2003 3242 2140 3281 suos
2192 3224 2414 3279 milites
2463 3224 2809 3295 expectavit,
2835 3240 2970 3291 „0120
2990 3239 3100 3293 1201,

713 3327 888 3395 atque
924 3322 1159 3377 irritata
1205 3336 1421 3392 angore
1470 3317 1747 3374 muliebri
1801 3335 2005 3389 regem
2095 3308 2507 3394 Stephanum
2591 3356 2608 3371 .
2689 3358 2706 3375 .
2793 3357 2812 3373 .
2838 3318 2940 3369 She
2961 3334 3041 3369 es-

381 3422 686 3479 Hen.Hunt.
712 3423 774 3478 in
809 3422 1189 3494 compedibus
1218 3421 1402 3493 jussit
1434 3419 1591 3492 poni.
1666 3418 1813 3475 Post
1834 3418 1961 3474 dies
1993 3424 2190 3474 autem
2225 3435 2442 3489 paucos
2476 3414 2812 3497 assumpto
2835 3393 3057 3503 gfflrd?

380 3504 429 3555 Ρ·
450 3496 564 3543 392.
711 3512 957 3581 secum²
1002 3522 1290 3580 avunculo
1339 3538 1465 3586 su0,
1517 3519 1712 3576 David
1763 3536 1908 3591 rege
1964 3519 2316 3584 Scotmm,
2357 3525 2417 3575 et
2469 3520 2650 3576 fratre
2704 3538 2810 3577 suo
2835 3528 3048 3596 Having

711 3625 969 3681 nobem
1004 3625 1217 3681 comite
1254 3622 1605 3686 elovemiae,
1642 3618 1872 3676 viribus
1919 3620 2156 3685 coactis,
2194 3633 2344 3676 cum
2387 3633 2591 3678 manu
2641 3612 2812 3677 mili·
2835 3596 3126 3723 gffiffle

708 3719 842 3784 tari
885 3725 1263 3796 Wyntoniam
1300 3722 1507 3780 tendit.
1583 3721 1832 3778 Obsedit
1862 3721 2076 3777 turrim
2114 3722 2373 3794 episcopi
2408 3724 2810 3780 Londinensis.
2834 3732 3076 3793 proceeds

712 3820 1043 3892 Episcopus
1080 3824 1276 3873 autem
1326 3816 1493 3871 misit
1541 3832 1650 3886 pro
1702 3813 1911 3884 regina
1945 3819 2007 3869 et
2051 3812 2376 3871 Willielmo
2423 3816 2700 3887 Yprensi,
2753 3822 2815 3872 et
2837 3804 2900 3911 “l''
2911 3795 3064 3847 Win·

708 3923 817 3978 pro
851 3903 1144 3959 universis
1179 3901 1301 3956 fere
1336 3898 1677 3971 proceribus
1710 3896 1966 3968 Angliae.
2040 3896 2255 3954 Factus
2303 3905 2396 3955 est
2433 3899 2618 3972 igitur
2653 3918 2813 3955 exer·
2837 3870 3088 3991 {giffar

712 3990 865 4047 citus
902 3986 1213 4058 utriusque
1236 4000 1505 4054 magnus.
1581 3981 1957 4038 Dimicabant
1978 3981 2240 4053 quotidie
2263 4000 2378 4038 non
2401 3984 2811 4055 congressibus
2837 4005 3110 4059 winchoe,

710 4074 971 4131 acierum
1006 4070 1111 4127 sed
1144 4067 1490 4124 militarium
1514 4066 1904 4121 amfractuum
1925 4065 2387 4122 circuitionibus.
2459 4066 2596 4123 Non
2625 4068 2813 4139 igitur
2836 4079 2914 4121 ter
2932 4076 3032 4125 and
3058 4074 3148 4125 de-

718 4159 877 4214 sicut
928 4156 991 4211 in
1048 4152 1193 4209 belli
1252 4150 1513 4208 caecitate
1572 4147 2075 4205 confundebantur
2133 4156 2320 4222 gesta,
2383 4150 2488 4206 sed
2543 4151 2776 4223 petebat
2792 4154 2812 4183 ⁸
2835 4138 2940 4190 fesst
2957 4140 3018 4191 ⁰f
3029 4140 3116 4191 *ΒΘ

715 4250 1002 4322 cujusque
1054 4244 1315 4319 probitas
1376 4248 1437 4299 et
1488 4240 1681 4313 gloria
1737 4231 2186 4299 adversarium
2244 4234 2375 4299 sibi
2418 4233 2506 4299 ad
2555 4256 2810 4301 0011081·-
2837 4216 2954 4270 emp
2955 4220 3078 4257 ηδ’·

714 4342 995 4408 tandum
1039 4339 1371 4435 volentem
1416 4334 1745 4399 advenire.
1836 4342 2019 4400 Venit
2063 4344 2302 4401 tandem
2337 4346 2625 4401 exercitus
2660 4346 2810 4401 Lon-

716 4440 1033 4509 doniensis,
1072 4448 1134 4497 et
1168 4438 1327 4497 aucti
1362 4453 1671 4494 numerose
1707 4435 1811 4509 qui
1859 4442 2060 4493 contra
2103 4436 2534 4508 imperatricem
2577 4445 2808 4495 conten·

784 4645 799 4676 ¹
834 4642 1147 4710 satagebant]
1184 4641 1375 4703 statuit,
1396 4641 1623 4705 Brompt.
1878 4640 1898 4669 ⁸
1923 4636 2146 4705 petebat]
2184 4640 2400 4705 patebat,
2421 4638 2476 4692 J.
2496 4640 2723 4706 Bmmpt.
2807 4694 2814 4701 ,

783 4726 805 4756 ²
840 4730 1089 4789 smmpto
1109 4720 1293 4787 secun]
1320 4736 1453 4783 cum,
1469 4719 1540 4771 Η.
1556 4718 1718 4771 Hnnt.
