3519 5734
885 860 1017 925 438
1440 870 1793 924 memus
1838 871 2054 923 Annas
2097 872 2444 925 smmus.

548 1062 787 1113 Aeeount
808 1064 869 1115 of
886 1066 1249 1153 quennium
1313 1072 1593 1142 mortuo,
1638 1064 1922 1133 Sanctus
1985 1060 2374 1130 Edmundus
2417 1064 2501 1129 de
2545 1062 2985 1151 Abyngdona,

548 1129 622 1181 St.
646 1130 751 1180 Ed·
1227 1167 1242 1184 .
1410 1168 1423 1183 .
1550 1168 1565 1183 .
2016 1166 2030 1181 .
2745 1166 2760 1180 .

550 1198 708 1247 mund
891 1172 1053 1234 tunc
1098 1168 1603 1234 Sarlsbunensis
1670 1166 2134 1247 thesaurarius,
2179 1167 2398 1233 sedem
2445 1166 2984 1233 Cantuanensem

548 1263 851 1330 archbishop
884 1256 1241 1345 occupavit.
1317 1266 1439 1322 Hic
1492 1266 1689 1337 itaque
1746 1263 2116 1331 Edmundus,
2155 1265 2311 1337 apud
2345 1264 2777 1338 Abyngdonam
2817 1265 2984 1337 juxta.
3005 1272 3071 1325 Β.
3093 1274 3308 1339 Higden,

548 1328 608 1378 ⁰f
622 1328 831 1382 Omen·
882 1348 1168 1404 Oxoniam
1204 1344 1508 1411 oriundus,
1548 1350 1823 1417 parentes
1859 1342 2068 1400 habuit
2119 1345 2450 1417 religiosos,
2490 1350 2722 1419 patrem
2771 1363 2981 1416 cogno·
3005 1342 3104 1392 00¹-
3131 1347 3273 1393 2432-

543 1398 690 1462 bury·
879 1434 1075 1483 mento
1110 1426 1465 1481 Edwardum
1500 1425 1782 1490 Divitem,
1813 1423 1916 1496 qui
1954 1422 2178 1481 tamen
2213 1444 2498 1482 consensu
2521 1424 2792 1498 conjugis
2827 1426 2982 1496 apud

878 1504 1171 1562 Evesham
1205 1507 1391 1561 vitam
1425 1504 1593 1561 duxit
1643 1503 1999 1577 regularem,
2041 1510 2100 1561 et
2151 1510 2399 1561 matrem
2447 1504 2794 1570 Mabiliam,¹
2849 1522 2980 1575 quae

878 1589 1072 1646 cilicio
1090 1590 1111 1623 2
1148 1596 1209 1645 et
1241 1590 1427 1645 lorica
1456 1588 1685 1661 jugiter
1719 1607 1828 1644 usa
1861 1590 1925 1643 in
1961 1607 2134 1645 carne
2171 1596 2372 1646 contra
2408 1606 2643 1647 carnem
2681 1588 2974 1644 militavit.

875 1670 1067 1726 Natus
1118 1670 1305 1742 igitur
1357 1668 1704 1724 Edmundus
1761 1712 1774 1725 .
1824 1712 1836 1725 .
1885 1710 1901 1726 .
1950 1713 1962 1726 .
2012 1660 2121 1726 die
2176 1688 2292 1742 quo
2340 1668 2403 1723 in
2450 1668 2644 1723 lucem
2693 1668 2912 1740 prodiit
2945 1684 2981 1723 a

876 1769 1047 1805 mane
1082 1768 1273 1822 usque
1309 1748 1385 1805 ad
1418 1766 1727 1818 vesperam
1756 1746 1948 1820 jacuit
1985 1750 2154 1821 quasi
2209 1748 2512 1813 exanimis,
2551 1748 2637 1802 ita
2687 1748 2844 1818 quod
2891 1764 2979 1802 as-

877 1839 1065 1889 tantes
1128 1852 1264 1889 eum
1324 1832 1642 1903 sepulturae
1703 1832 2158 1890 demandassent
2215 1832 2332 1888 nisi
2391 1832 2705 1889 consilium
2773 1830 2980 1887 matris

878 1918 1221 1973 obstitisset.
1298 1916 1558 1973 Vocatus
1596 1918 1687 1970 est
1734 1924 1934 1973 autem
1968 1915 2316 1973 Edmundus
2372 1958 2385 1970 .
2429 1957 2443 1971 .
2487 1956 2501 1971 .
2555 1932 2626 1971 60
2683 1912 2840 1986 quod
2886 1916 2978 1972 die

881 1996 1081 2053 Sancti
1118 1996 1415 2052 Edmundi
1451 1988 1769 2072 martyris
1803 2001 1976 2053 natus
2031 2002 2206 2062 esset,
2247 2002 2307 2051 et
2360 1994 2501 2068 quia
2548 2001 2738 2052 mater
2793 2014 2862 2050 611
2913 2014 2980 2051 60

878 2076 1124 2146 gravida
1158 2076 1234 2131 ad
1268 2076 1535 2132 tumbam
1574 2076 1776 2132 Sancti
1812 2078 2112 2131 Edmundi
2148 2076 2463 2149 peregrina
2503 2074 2796 2145 [exoraret
2819 2074 2976 2147 cum]

875 2160 1075 2219 vitalis
1113 2160 1359 2232 spiritus
1414 2158 1705 2231 primitias
1741 2162 1805 2216 in
1841 2179 1910 2216 60
1946 2159 2334 2233 deprehendit
2372 2198 2612 2214 .....
2707 2158 2824 2213 Η16
2873 2159 2980 2214 ab³

876 2240 1033 2297 omni
1094 2242 1438 2312 contagione
1491 2240 1750 2296 infantili
1811 2240 2067 2296 mundus
2087 2240 2108 2273 ⁸
2167 2238 2668 2309 incorruptionem
2712 2230 2979 2296 senilem

882 2369 896 2385 .
938 2372 950 2385 .
1001 2370 1014 2384 .
1063 2372 1077 2386 .
1126 2328 1470 2399 praeelegit3
1512 2328 1575 2383 in
1610 2327 1782 2399 cujus
1823 2327 2062 2399 signum
2098 2328 2285 2383 beatae
2319 2326 2562 2399 Virgini
2613 2344 2676 2383 se
2730 2328 2980 2385 devovit.

872 2408 970 2464 Ad
1004 2410 1213 2465 matris
1250 2408 1563 2463 consilium
1598 2406 1795 2465 cilicio
1829 2424 1975 2463 usus
2009 2422 2117 2479 per
2155 2408 2230 2461 6⁸·
2265 2406 2443 2463 ferias
2479 2407 2542 2461 in
2575 2424 2724 2479 pane
2748 2414 2811 2463 et
2833 2426 2982 2479 aqua

869 2494 1180 2566 jejunavit.
1257 2492 1483 2548 Diebus
1520 2491 1832 2547 dominicis
1870 2495 1930 2546 et
1967 2491 2220 2557 festiviS,
2261 2496 2578 2561 antequam
2630 2491 2975 2559 comederet,

871 2574 1221 2645 psalterium
1257 2591 1329 2628 ex
1362 2572 1595 2643 integro
1633 2572 1830 2627 dicere
1867 2570 2185 2627 consuevit.
2279 2558 2306 2597 ⁴
2331 2562 2435 2627 Ob
2481 2562 2762 2627 nimium
2807 2562 2980 2629 dolo-

875 2676 1015 2718 rem
1062 2652 1299 2739 capitis
1342 2652 1417 2717 in
1461 2650 1704 2718 litteris
1749 2650 2064 2738 proficere
2108 2672 2295 2737 paene
2342 2651 2734 2738 desperavit.
2853 2651 2980 2719 Sed

876 2762 1099 2821 tamen
1146 2754 1416 2820 oonsilio
1462 2754 1696 2820 matris
1739 2752 1911 2818 laica
1955 2759 2023 2819 et
2087 2753 2469 2819 inordinata
2529 2759 2808 2819 tonsura
2864 2776 2978 2821 sua

879 2858 1112 2923 abrasa
1172 2863 1240 2923 et
1307 2854 1591 2923 clericali
1635 2859 1922 2934 attonsa,
1968 2854 2210 2922 doloris
2255 2855 2670 2923 incommodo
2715 2856 2976 2923 caruit.⁴

874 2959 1032 3015 Dum
1082 2959 1259 3015 etiam
1308 2959 1371 3014 in
1420 2951 1590 3030 prato
1646 2957 1899 3031 quodam
1936 2946 2174 3016 Oxoniae
2223 2957 2416 3014 vicino
2469 2957 2758 3031 spatiandi
2809 2977 2980 3016 causa

539 3043 574 3092 f.
600 3049 679 3094 65.
874 3061 1139 3099 seorsum
1174 3042 1307 3109 iret,
1348 3043 1620 3115 apparuit
1655 3043 1710 3098 ei
1764 3059 1913 3114 puer
1949 3043 2250 3114 speciosus
2289 3043 2375 3099 616
2410 3043 2700 3114 inquiens,
2747 3047 2784 3072 “
2807 3043 2977 3100 Salve

874 3130 914 3154 “
952 3127 1165 3183 dilecte
1200 3125 1317 3181 mi!
1404 3127 1593 3182 Miror
1630 3126 1789 3197 quod
1822 3144 1918 3180 me
1953 3145 2070 3182 non
2104 3126 2392 3199 agnoscis,
2433 3165 2448 3182 .
2491 3165 2506 3184 .
2546 3144 2682 3183 eum
2717 3126 2792 3183 ad
2826 3128 2977 3184 latus

876 3214 914 3239 “
952 3218 1125 3267 tuum
1159 3211 1223 3265 in
1260 3212 1434 3267 scolis
1474 3217 1533 3266 et
1568 3211 1711 3266 alibi
1740 3211 1972 3282 jugiter
2008 3211 2298 3267 assistam.
2375 3210 2546 3281 Quod
2579 3229 2724 3283 ergo
2759 3212 2976 3268 videris

875 3299 911 3323 “
952 3295 1015 3350 in
1049 3295 1201 3350 facie
1238 3313 1369 3350 mea
1408 3295 1715 3366 scriptum,
1753 3293 1866 3349 hoc
1903 3295 2085 3350 fronti
2121 3300 2238 3350 tuae
2276 3293 2529 3366 singulis
2565 3296 2835 3352 noctibus
2870 3297 2975 3351 im-

874 3381 913 3407 “
950 3379 1203 3451 prime.”
1278 3377 1425 3434 Erat
1449 3383 1647 3434 autem
1684 3378 1970 3449 scriptum
1999 3379 2038 3405 “
2065 3378 2104 3432 J
2107 3396 2241 3434 esus
2265 3378 2604 3436 Nazarenus
2631 3379 2757 3434 Rex
2783 3378 2823 3434 J
2824 3380 2976 3435 udae-

876 3464 912 3489 ‘⁸
952 3461 1183 3517 orum.”
1220 3461 1452 3517 Extunc
1477 3459 1686 3516 didicit
1710 3459 2034 3518 Dominicoe
2055 3462 2346 3533 passionis
2384 3463 2728 3518 memoriam
2746 3463 2972 3535 jugiter

869 3544 1147 3600 recolere.
1238 3545 1428 3613 Quam
1481 3544 1621 3599 dum
1676 3546 1859 3600 semel
1919 3546 1992 3600 ob
2055 3545 2316 3601 futuram
2373 3547 2684 3603 lectionem
2743 3551 2974 3619 prater·

872 3630 1157 3694 mitteret,
1210 3629 1577 3699 irrumpente
1630 3646 1860 3695 aurora,
1927 3629 2205 3701 antiquus
2255 3631 2444 3686 hostis
2497 3649 2571 3686 ne
2626 3649 2690 3687 se
2740 3633 2972 3703 signare

867 3719 1069 3785 posset
1103 3719 1413 3783 utramque
1451 3713 1565 3768 sibi
1615 3731 1857 3768 manum
1908 3714 2197 3784 alligavit.
2295 3714 2411 3770 Sed
2464 3716 2592 3786 ipso
2645 3715 2709 3771 111
2763 3717 2972 3787 spiritu

870 3804 1069 3852 orante
1107 3796 1327 3852 decidit
1359 3797 1548 3852 hostis
1584 3797 1659 3852 ab
1697 3815 1767 3853 eo
1802 3797 1958 3851 inter
2010 3797 2296 3869 parietem
2351 3802 2411 3853 et
2457 3799 2696 3854 lectum.
2787 3800 2971 3868 Quem

870 3881 1011 3936 dum
1070 3897 1174 3952 per
1235 3880 1631 3950 aspersionem
1690 3880 1995 3950 sanguinis
2057 3879 2282 3936 Christi
2341 3882 2674 3953 adjurasset
2733 3888 2801 3938 ut
2858 3883 2968 3938 sibi

868 3964 1093 4020 diceret
1125 3981 1231 4035 per
1268 3963 1412 4034 quid
1445 3962 1581 4035 plus
1620 3963 1804 4020 arceri
1863 3969 2082 4036 posset,
2123 3965 2444 4036 respondit,
2490 3967 2662 4021 “Per
2707 3965 2773 4022 id
2818 3967 2971 4038 quod

870 4051 909 4076 ‘⁸
948 4047 1119 4103 modo
1152 4047 1524 4103 nominasti.”
1597 4046 1735 4103 Alia
1756 4047 1907 4114 vice,
1947 4048 2090 4104 dum
2123 4049 2274 4105 hanc
2309 4051 2630 4106 orationem
2669 4053 2708 4078 “
2729 4050 2778 4106 Ο
2801 4051 2971 4107 beata

871 4135 909 4159 “
949 4139 1011 4187 et
1031 4132 1377 4188 intemerata
1396 4132 1431 4156 ’'
1458 4132 1654 4187 dicere
1680 4132 1995 4200 omisisset,
2022 4133 2228 4190 beatus
2255 4132 2295 4188 J
2297 4135 2550 4190 ohannes
2589 4135 2966 4206 evangelista,

866 4214 929 4270 in
944 4216 1161 4272 somnis
1188 4231 1493 4288 apparens,
1516 4217 1904 4272 comminatus
1930 4222 2021 4274 est
2044 4235 2180 4274 eum
2203 4219 2396 4274 ferula
2408 4225 2733 4290 pereutere.
2774 4219 2969 4291 Atque

868 4288 1040 4372 quia,
1063 4300 1214 4352 teste
1240 4297 1549 4367 scriptura,
1582 4299 1619 4324 ‘⁸
1639 4295 1744 4368 qui
1769 4296 2012 4353 modica
2025 4299 2344 4354 contemnit
2365 4299 2654 4370 paulatim
2678 4299 2968 4367 decidet,”
2993 4306 3156 4360 Eecli.
3183 4307 3288 4360 xix.

866 4377 993 4447 ipse
1030 4375 1102 4430 de
1138 4375 1464 4431 venialibus
1500 4391 1605 4447 per
1642 4377 2065 4432 confessionem
2091 4376 2352 4448 quotidie
2378 4396 2442 4434 se
2465 4380 2745 4450 purgavit
2783 4421 2796 4435 .
2836 4421 2850 4435 .
2893 4419 2907 4436 .
2949 4423 2964 4436 .
2997 4380 3040 4427 1·

866 4460 965 4526 At,
1025 4459 1293 4530 quamvis
1347 4459 1411 4514 in
1462 4461 1641 4515 sacris
1692 4479 1811 4515 non
1869 4460 2084 4518 fuisset
2140 4467 2462 4533 promotus,
2527 4462 2718 4519 factus
2777 4472 2968 4520 tamen

939 4652 953 4682 ¹
987 4647 1286 4714 Mabiliam]
1324 4647 1609 4710 Mundam,
1632 4649 1696 4699 R.
1722 4649 1792 4700 H.
2033 4655 2050 4682 ⁴
2090 4651 2170 4704 Ob
2194 4690 2206 4704 .
2244 4691 2256 4705 .
2295 4691 2308 4704 .
2341 4654 2532 4719 caruit]
2573 4653 2820 4720 abridged
2839 4655 2967 4705 from

938 4732 958 4761 ²
988 4727 1173 4795 cilicio]
1214 4728 1381 4779 silicio
1404 4729 1457 4778 in
1483 4727 1593 4780 MS.
1963 4730 2027 4781 R.
2053 4730 2124 4782 H.

868 4895 923 4940 to
942 4809 1229 4940 ἔηέιάιιε]
1267 4807 1580 4875 transposed,
1602 4808 1879 4875 according
