3519 5734
1195 852 1565 903 Pmmrrus
1609 850 1827 903 ABBAS
1871 854 2249 905 SECUNDUS.
2640 840 2771 904 213

675 1004 974 1079 monachis
1001 1022 1542 1080 cantuariensibus.
1593 1025 1682 1080 De
1709 1043 1826 1096 quo
1851 1025 2037 1081 fertur
2061 1024 2233 1097 quod,
2263 1043 2299 1080 a
2322 1025 2512 1097 primo
2538 1024 2634 1080 die
2659 1041 2774 1095 quo
2798 1034 2936 1085 A.D.
2967 1037 3095 1087 1178

677 1105 868 1161 factus
905 1112 997 1163 est
1029 1108 1346 1164 monachus
1384 1126 1574 1180 usque
1611 1108 1687 1163 ad
1722 1109 1966 1175 obitum,
2006 1127 2306 1181 nunquam
2344 1126 2549 1164 carnes
2585 1125 2773 1164 come·
2800 1106 2981 1152 -1188.

678 1190 868 1245 debat.
919 1190 1089 1247 Unde
1125 1198 1186 1247 et
1219 1193 1311 1247 illi
1347 1193 1660 1265 aliquando
1681 1193 1981 1249 itineranti
2006 1194 2263 1249 occurrit
2286 1194 2555 1265 quaedam
2575 1192 2778 1249 vetula
2798 1189 3066 1241 Aneedote

675 1275 1005 1341 macilenta,
1056 1277 1358 1348 inquirens
1410 1278 1484 1333 ab
1534 1295 1604 1333 eo
1661 1295 1738 1333 an
1770 1296 1981 1333 verum
2030 1282 2187 1332 esset
2221 1277 2377 1348 quod
2423 1295 2626 1333 carnes
2660 1295 2777 1332 non
2801 1258 2861 1335 ⁰¹:
2875 1257 2957 1307 ΜΒ
2980 1260 3067 1307 δι’·

677 1359 1024 1415 comederet.
1101 1363 1140 1387 ‘⁴
1157 1360 1382 1416 Verum
1407 1360 1556 1427 est‚'’
1593 1362 1805 1433 inquit.
1877 1362 1961 1417 At
1994 1361 2117 1427 illa,
2150 1362 2402 1417 “Immo
2426 1361 2640 1417 falsum
2664 1366 2773 1425 est,
2799 1332 3093 1441 {ssffignffgsho

681 1444 720 1469 “
760 1444 899 1513 quia·
921 1442 1228 1499 comedisti
1251 1462 1457 1500 carnes
1494 1462 1655 1499 meas
1693 1462 1883 1515 usque
1920 1444 1995 1500 ad
2034 1462 2183 1499 ossa.
2254 1444 2411 1501 Nam
2446 1445 2650 1501 decani
2688 1446 2779 1501 tui

681 1528 720 1553 “
759 1527 1128 1583 abstulerunt
1170 1546 1411 1583 vaccam
1457 1529 1726 1583 unicam¹
1775 1528 1931 1582 unde
1980 1528 2413 1585 sustentabar.’'
2490 1529 2603 1585 Cui
2653 1530 2774 1593 illc,

682 1612 720 1639 “
757 1610 916 1667 Vere
953 1611 1186 1667 favente
1223 1612 1354 1667 Deo
1391 1630 1559 1684 aeque
1599 1611 1753 1666 bona
1794 1630 1973 1667 vacca
2005 1611 2287 1668 reddetur
2317 1613 2485 1668 tibi.’'
2560 1612 2777 1682 Quarto
2803 1624 2902 1675 His
2925 1633 2999 1676 at.

677 1710 874 1759 autem
920 1706 1272 1777 praesulatus
1320 1706 1415 1760 sui
1463 1724 1628 1771 ann0,
1679 1696 1986 1782 quamvis
2054 1698 2217 1763 alias
2283 1699 2392 1763 Vir
2451 1697 2665 1763 bonus
2708 1703 2778 1763 et
2804 1698 2963 1771 temp?
2984 1700 3035 1743 ω

345 1837 406 1887 R
433 1838 652 1905 Higden‚
675 1797 1018 1883 religiosus
1085 1796 1322 1877 fuerat,
1359 1798 1474 1884 jus
1541 1804 1610 1863 et
1677 1800 2193 1886 praerogativam
2238 1800 2523 1887 eligendi
2568 1800 2778 1866 archi·
2804 1759 3097 1877 ffigrgffnks

345 1904 441 1955 col.
465 1910 612 1958 2398.
680 1899 966 1986 episcopi
1026 1922 1068 1964 a
1127 1900 1463 1965 monachis
1511 1900 2103 1968 cantuariensibus
2162 1902 2517 1968 transferre
2561 1902 2779 1968 elabo-
2802 1892 2863 2009 {f
2878 1890 3087 2009 0⁸³2&

680 2002 872 2067 ravit.
937 2000 1143 2087 Cujus
1187 2002 1285 2067 rei
1314 2002 1550 2090 gratia,
1579 2004 1761 2091 regio
1790 2003 2015 2069 favore
2043 2003 2269 2081 fretuS,
2299 2027 2475 2070 nova
2504 2005 2781 2071 aedificia
2804 1974 3030 2091 131?th
3088 1976 3117 2010 e

683 2112 754 2171 et
794 2105 1132 2171 basilicam
1178 2127 1375 2191 super
1416 2128 1641 2171 muros
1671 2107 2143 2172 monachorum
2176 2109 2567 2173 construxit.
2639 2108 2780 2173 Ubi
2804 2091 3056 2211 32⁰3?ss-

683 2204 1030 2297 deputavit
1076 2209 1419 2273 canonicos
1449 2209 1803 2288 saeculares,
1838 2209 2237 2295 assignando
2269 2210 2361 2274 eis
2392 2210 2780 2297 praebendas
2801 2225 2999 2292 bishop.

680 2314 762 2377 de
807 2311 1090 2377 ecclesiis
1136 2310 1624 2388 monachorum,
1672 2315 1753 2374 ut
1798 2310 2047 2376 ibidem
2092 2313 2518 2398 postmodum
2548 2313 2781 2377 suffra-

676 2414 874 2502 ganei
918 2414 1023 2479 sui
1066 2413 1355 2499 episcopi
1419 2434 1568 2478 cum
1636 2413 1886 2478 clericis
1932 2414 2401 2479 convenientes
2444 2413 2526 2479 de
2572 2414 2782 2479 futuri

678 2516 1012 2602 pontificis
1104 2514 1438 2594 electione,
1525 2515 1816 2580 extrusis
1890 2515 2245 2593 monachiS,
2326 2514 2780 2582 deliberarent.

677 2621 777 2683 At
839 2622 1072 2684 contra
1137 2617 1462 2697 monachi,
1509 2639 1841 2683 summum
1905 2618 2285 2705 pontificem
2352 2618 2779 2705 appellantes,

679 2742 844 2807 opus
905 2720 1244 2807 inceptum
1306 2720 1670 2786 intermitti
1733 2724 2108 2807 coegerunt.
2224 2719 2421 2799 Quod
2494 2726 2564 2786 et
2631 2725 2781 2807 post
2803 2736 3039 2789 Founda-

677 2828 960 2889 mortem
1030 2822 1399 2888 Baldewini
1465 2823 1673 2912 ipsius
1740 2823 2073 2911 pontificis
2140 2844 2348 2910 usque
2413 2823 2499 2889 ad
2566 2824 2780 2890 solum
2802 2803 2911 2854 5⁰¹²
2934 2806 2994 2855 ⁰f
3007 2822 3038 2855 ⁸

679 2926 1288 3013 complanaverunt.
1409 2925 1961 3012 Archiepiscopus
2026 2933 2251 2991 autem
2325 2927 2466 3012 ipse
2542 2927 2778 2992 Balde-
2804 2872 2999 2989 ἓξὲξ·
3015 2874 3077 2924 of

677 3030 893 3095 winus
937 3029 1098 3093 dum
1142 3028 1358 3092 adhuc
1403 3029 1680 3106 viveret,
1728 3051 1845 3116 per
1891 3029 2231 3094 dominum
2276 3051 2510 3115 papam
2553 3029 2781 3113 jussus
2807 3013 3073 3123 {affissgtff

676 3132 956 3212 aedificia
1002 3131 1149 3218 ipsa
1191 3129 1444 3208 tollere,
1490 3131 1840 3196 transtulit
1886 3152 1963 3195 ea
2007 3153 2215 3216 usque
2260 3132 2346 3195 ad
2393 3131 2782 3196 Lambhuth

665 3235 870 3321 juxta
916 3232 1296 3299 Londonias
1355 3256 1440 3298 ex
1488 3234 1789 3321 opposito
1832 3233 2419 3299 westmonasterii.
2514 3233 2601 3297 In
2654 3255 2783 3318 quo

674 3338 849 3404 facto
878 3337 1256 3403 mirandum
1304 3342 1406 3402 est
1457 3337 1685 3424 [circa]
1731 3341 2001 3401 tantum
2045 3337 2285 3414 virum,
2318 3337 2499 3422 quod
2544 3337 2799 3426 imper--

675 3440 958 3505 fectioris
988 3440 1148 3504 vitae
1178 3437 1478 3503 homines
1507 3439 1901 3524 hujusmodi,
1934 3438 2243 3504 videlicet
2274 3439 2617 3504 canonicos
2662 3461 2782 3504 sae-

675 3543 945 3622 culareS‚
976 3541 1120 3606 loco
1149 3540 1588 3626 perfectorum
1634 3541 1989 3626 subrogare
2032 3540 2336 3605 voluerat
2364 3565 2381 3621 3
2426 3562 2575 3605 cum
2622 3541 2781 3605 olim

677 3644 893 3710 sancti
922 3643 1252 3731 principes
1283 3647 1351 3706 et
1379 3643 1726 3729 pontifices
1755 3642 2038 3728 Angliae,
2062 3642 2131 3707 id
2161 3665 2369 3730 genus
2400 3644 2780 3708 clericorum

677 3745 900 3811 minus
965 3744 1302 3809 abundare
1325 3743 1352 3780 2
1422 3744 1728 3822 volenteS,
1794 3745 2173 3831 opinionem
2238 3745 2422 3810 illam
2470 3746 2779 3812 dederint

680 3854 760 3913 ut
826 3852 945 3912 aut
1013 3845 1333 3912 beneficia
1393 3846 1847 3932 relinquerent
1894 3852 2014 3912 aut
2059 3847 2273 3913 vitam
2318 3853 2661 3914 mutantes
2704 3849 2777 3912 in

679 3949 1064 4036 religionem
1109 3947 1487 4012 transirent.
1582 3948 1865 4013 Interim
1908 3953 2134 4014 autem
2178 3950 2307 4014 iste
2352 3949 2779 4016 Baldewinus
2802 3967 3035 4019 Instance
3058 3981 3115 4018 01

679 4052 888 4120 crucis
932 4050 1265 4137 legatione
1332 4049 1632 4138 fungens,
1680 4072 1857 4115 anno
1924 4051 2161 4137 gratiae
2226 4055 2419 4130 1188,
2466 4047 2779 4118 Walliain
2803 4033 3083 4166 ffizglge'in

682 4154 985 4234 intravit,
1041 4158 1109 4219 et
1171 4153 1246 4217 in
1322 4153 1579 4218 cunctis
1653 4153 2147 4219 cathedralibus
2224 4153 2526 4232 ecclesiis,
2605 4155 2779 4240 quod
2805 4168 2890 4218 the
2911 4169 3079 4220 cathe-

682 4279 890 4344 usque
935 4261 1097 4321 tunc
1162 4255 1377 4319 visum
1440 4277 1577 4320 non
1639 4255 1877 4334 fuerat,
1942 4256 2435 4342 pontificalibus
2504 4257 2781 4324 indutus
2803 4235 3021 4353 gffssff

681 4359 1054 4426 celebravit.

753 4600 766 4628 ¹
803 4597 1020 4663 unicam]
1058 4613 1237 4659 meam,
1259 4597 1313 4650 J.
1335 4597 1400 4648 B.
1725 4596 1736 4664 Ι
1846 4599 1867 4628 ²
1900 4596 2178 4663 abundare]
2217 4598 2527 4660 habundare,
2549 4600 2664 4653 MS.
