3519 5734
892 857 1024 920 402
1534 868 1731 919 HUGO
1775 867 1990 919 ABRAS
2032 868 2354 931 QUINTUS.

560 1052 703 1104 ΑΒ.
726 1058 853 1104 1199
896 1054 957 1105 et
990 1049 1151 1121 regis
1188 1046 1549 1113 crudelitate,
1588 1046 1747 1102 idem
1799 1064 1952 1119 papa
1985 1046 2362 1103 Innocentius
2402 1046 2548 1103 duos
2583 1046 2813 1119 legatos
2861 1062 2988 1102 car·

560 1124 743 1171 4²1⁶·
891 1133 1115 1189 dinales
1150 1132 1213 1187 in
1232 1130 1515 1203 Angliam
1537 1131 1719 1187 misit.
1797 1131 1931 1201 Qui,
1957 1135 2092 1203 post
2123 1132 2364 1203 longam
2401 1149 2537 1187 cum
2571 1148 2714 1203 rege
2751 1148 2988 1187 concer-

560 1200 869 1316 qucqmmuf
892 1218 1190 1281 tationem,
1230 1222 1292 1271 et
1324 1216 1766 1288 pronunciatam
1818 1216 2472 1271 excommunicationem
2523 1215 2587 1270 in
2645 1216 2808 1286 regis
2857 1232 2992 1287 per-

560 1274 870 1399 ἓζΐὲἓῶ.
894 1320 1095 1357 sonam
1132 1306 1193 1356 et
1224 1318 1361 1355 cum
1396 1318 1465 1355 eo
1502 1298 1994 1355 communicantes
2028 1297 2045 1321 “
2064 1305 2126 1355 et
2159 1300 2216 1354 ei
2251 1300 2534 1355 auxilium
2575 1298 2869 1365 ferentes,¹
2931 1303 2994 1352 et

894 1386 1317 1441 absolutionem
1350 1384 1653 1451 baronum,
1690 1383 1966 1449 militum,
2006 1383 2371 1450 clericorum,
2409 1383 2714 1451 laicorum,
2753 1383 2994 1439 Franci-

894 1488 1179 1541 genarum
1225 1475 1287 1524 et
1319 1468 1810 1541 Angligenarum,
1849 1468 1923 1523 ab
1971 1466 2283 1540 homagiis,
2321 1468 2705 1526 fidelitatibus
2753 1474 2816 1523 et
2869 1484 2994 1523 ser·

894 1555 1077 1621 vitiis,
1117 1571 1249 1625 quae
1284 1552 1341 1607 ei
1377 1551 1715 1617 debuerant,
1754 1556 1817 1607 et
1869 1551 2130 1607 omnium
2183 1552 2612 1609 absolutionem
2647 1552 2750 1623 qui
2786 1558 2994 1607 contra

896 1656 1033 1693 eum
1066 1638 1291 1693 bellum
1324 1637 1546 1693 vellent
1579 1636 1853 1693 inchoare
1875 1635 1940 1691 in
1961 1635 2308 1693 remissione
2330 1642 2702 1707 peccatorum
2727 1653 2990 1699 suorum,

896 1728 957 1778 et
992 1722 1293 1778 decretum
1330 1720 1487 1790 quod
1536 1737 1645 1776 nec
1698 1720 1828 1791 ipse
1881 1737 1990 1776 neo
2038 1718 2211 1775 heres
2265 1738 2441 1793 quem
2490 1720 2708 1776 habere
2761 1727 2996 1793 poterat

894 1813 1030 1879 post
1064 1824 1200 1862 eum
1236 1806 1475 1861 deberet
1498 1806 1782 1871 coronari,
1813 1809 1874 1860 et
1895 1822 1999 1859 rex
2021 1805 2285 1861 Franciae
2314 1806 2442 1877 jam
2464 1806 2772 1878 praemissa
2791 1804 2992 1861 valida

564 1892 841 1946 Sui-render
895 1908 1073 1947 manu
1108 1894 1543 1960 exsequeretur,
1584 1889 1778 1944 dictus
1816 1887 1858 1942 J
1857 1888 2112 1944 ohannes
2147 1906 2272 1955 rex,
2311 1906 2418 1961 pro
2455 1907 2519 1947 se
2567 1895 2630 1945 et
2672 1889 2994 1945 heredibus

561 1961 622 2041 Of
636 1962 722 2011 the
896 1976 1039 2039 suis,
1064 1973 1456 2029 mediantibus
1493 1974 1727 2045 legatie,
1754 1973 1925 2029 beato
1949 1972 2129 2029 Petro
2153 1974 2416 2045 apostolo
2452 1974 2800 2046 dominoque
2823 1992 2996 2045 papae

560 2026 805 2145 {J‘ffigmn
894 2058 1238 2114 Innocentio
1298 2059 1351 2123 3,
1406 2058 1651 2129 ejusque
1708 2056 2015 2113 catholicis
2071 2056 2528 2124 successoribus,
2591 2058 2872 2130 Angliam
2931 2064 2996 2113 et

731 2110 870 2160 μ’μ’
894 2142 1243 2198 Hiberniam
1276 2142 1341 2197 in
1386 2141 1847 2198 satisfactionem
1881 2158 2228 2197 excessuum
2263 2160 2506 2197 suorum
2539 2141 2834 2207 offerebat,
2873 2146 2998 2197 tac-

893 2228 1090 2298 tisque
1142 2226 1525 2283 sacrosanctis
1577 2226 1902 2297 evangeliis
1943 2226 2189 2299 juravit,
2231 2227 2385 2299 quod
2439 2234 2629 2283 terras
2666 2226 2800 2282 illas
2837 2226 2996 2281 sicut

892 2311 1309 2384 patrimonium
1365 2309 1565 2367 Sancti
1606 2310 1772 2365 Petri
1809 2309 1884 2365 de
1932 2310 2138 2366 eodem
2186 2328 2340 2383 papa
2393 2311 2641 2383 ejusque
2685 2310 2994 2367 catholicis

894 2394 1333 2451 successoribus
1368 2394 1497 2465 ipse
1550 2398 1612 2451 et
1658 2392 1908 2449 heredes
1959 2394 2054 2451 sui
2099 2398 2382 2466 tanquam
2417 2394 2666 2451 feodarii
2700 2394 2997 2467 imperpe-

894 2485 1066 2535 tuum
1100 2478 1416 2535 retinerent
1428 2500 1447 2543 ;
1492 2483 1568 2544 et,
1608 2476 1674 2533 in
1708 2477 1947 2549 signum
1982 2483 2281 2550 perpetuoe
2317 2478 2716 2551 subjectionis,
2755 2479 2828 2535 de
2864 2478 2992 2533 red-

894 2564 1117 2621 ditibus
1152 2563 1337 2635 regiis
1372 2563 1637 2635 ipsarum
1672 2568 1987 2629 terrarum,
2015 2563 2274 2635 exceptis
2299 2563 2556 2621 denariis
2583 2564 2784 2621 Sancti
2807 2564 2994 2629 Petri,

894 2648 1060 2703 mille
1094 2665 1323 2703 marcas
1360 2646 1626 2703 ecclesias
1680 2646 1961 2703 Romanoe
1995 2646 2359 2719 persolveret
2395 2648 2716 2713 annuatim,
2755 2654 2998 2721 propter

894 2750 1147 2805 regnum
1180 2730 1459 2789 videlicet
1493 2728 1729 2800 Anglioe
1778 2728 1904 2787 dcc.
1959 2748 2210 2797 marcas,
2262 2736 2324 2787 et
2369 2737 2610 2805 propter
2645 2732 2996 2787 Hiberniam

895 2834 1015 2874 ccc.
1070 2833 1331 2882 marcas;
1380 2814 1467 2872 ita
1519 2812 1695 2887 quod,
1736 2814 1792 2870 si
1825 2814 1954 2888 ipse
1989 2814 2088 2872 vel
2140 2814 2358 2888 aliquis
2413 2814 2700 2875 heredum
2753 2833 2994 2872 suorum

894 2901 968 2956 ab
1002 2899 1114 2957 hac
1150 2899 1479 2956 conditione
1516 2899 1613 2954 vel
1648 2898 1939 2956 solutione
1975 2899 2270 2966 deficeret,
2311 2899 2552 2956 cederet
2575 2919 2612 2956 a
2639 2901 2776 2974 jure
2799 2901 2991 2972 regni.

894 2985 1021 3040 Rex
1057 3002 1201 3057 ergo
1236 2983 1276 3039 J
1278 2984 1533 3040 ohannes
1587 2981 1663 3036 de
1714 2983 1908 3053 capite
1945 3001 2052 3040 suo
2090 3001 2364 3040 coronam
2407 2985 2648 3052 evulsit,
2688 2991 2748 3042 et
2796 3003 2996 3042 coram

889 3069 1105 3140 legatis
1167 3067 1415 3140 genibus
1464 3065 1834 3138 provolutus,
1892 3066 2266 3124 audientibus
2321 3069 2569 3135 cunctis,
2609 3069 2720 3124 hoc
2762 3087 2998 3142 quoque

894 3153 1062 3219 dixit,
1121 3154 1159 3180 “
1176 3151 1439 3224 Besigno
1487 3149 1585 3206 hic
1638 3167 1912 3207 coronam
1963 3155 2026 3208 et
2073 3169 2327 3224 regnum
2379 3151 2616 3225 Angliae
2673 3153 2738 3208 in
2789 3172 2999 3210 manus

899 3240 937 3266 “
975 3236 1200 3294 domini
1248 3255 1413 3310 papae
1449 3235 1801 3302 Innocentii,
1843 3239 2020 3306 atque
2056 3235 2120 3292 in
2153 3253 2322 3292 suam
2357 3237 2612 3308 gratiam
2663 3241 2724 3294 et
2771 3238 3002 3294 ordina-

898 3325 939 3349 “
974 3323 1195 3380 tionem
1218 3339 1313 3376 me
1350 3318 1694 3377 submitto?
1770 3319 1935 3376 Tunc
1960 3319 2198 3392 quidem
2220 3321 2454 3393 legatus
2478 3321 2704 3393 recepit
2725 3339 3002 3378 coronam

896 3412 958 3464 et
1004 3424 1134 3462 eam
1185 3423 1365 3478 penes
1417 3421 1481 3460 se
1531 3403 1723 3460 tribus
1761 3403 1970 3460 diebus
2006 3405 2302 3462 continuis
2338 3405 2646 3472 retinebat,
2687 3405 2856 3477 quasi
2891 3425 3002 3479 pro

895 3492 1067 3562 regni
1101 3489 1339 3562 Angliae
1374 3494 1435 3544 et
1470 3487 1777 3542 Hiberniae
1813 3487 2033 3544 seisina
2086 3488 2406 3545 retinenda.
2480 3489 2560 3545 Et
2608 3491 2846 3546 interim
2895 3508 3002 3546 rex

897 3573 1273 3646 praescriptas
1315 3570 1675 3628 oblationem
1711 3576 1773 3627 et
1805 3572 2136 3644 pactionem
2171 3573 2375 3629 charta
2409 3591 2518 3630 sua
2551 3576 2746 3630 aureis
2782 3573 3002 3630 litteris

898 3657 1120 3731 scripta
1152 3654 1471 3721 roboravit,
1512 3673 1643 3727 quae
1695 3655 1931 3712 domino
1966 3655 2144 3730 Papoe
2198 3657 2470 3714 continuo
2513 3663 2605 3714 est
2637 3658 3002 3714 transmissa.

564 3741 787 3794 Re-deli-
898 3741 1037 3798 Hiis
1073 3741 1159 3797 ita
1191 3739 1468 3812 peractis,
1508 3756 1613 3794 rex
1650 3737 1689 3794 J
1692 3739 1949 3796 ohannes
1987 3739 2059 3797 de
2100 3758 2280 3796 manu
2313 3740 2498 3812 legati
2535 3759 2808 3798 coronam
2841 3759 3004 3798 reac-

565 3827 690 3875 701'5
714 3811 777 3860 ⁰f
786 3809 875 3862 ¹¹¹0
899 3825 1075 3898 cepit,
1140 3825 1504 3898 Stephanum
1571 3823 2078 3896 archiepiscopum
2149 3843 2284 3882 cum
2345 3825 2468 3881 suis
2528 3825 2866 3882 coexulibus
2929 3825 3006 3880 ad

562 3885 861 3996 &vn-Imm
898 3911 1141 3984 propria
1172 3907 1495 3974 revocavit,
1535 3911 1730 3979 atque,
1772 3908 1848 3963 ad
1880 3909 2064 3982 pedes
2101 3909 2527 3981 archiepiscopi
2553 3909 2832 3981 Stephani
2867 3927 3002 3981 pro-

622 3954 695 4010 ηε
758 3961 791 3996 ⁰
862 3983 875 3997 ⁰
900 3995 1101 4052 cidens
1136 3994 1487 4066 veniamque
1522 3996 1746 4065 petens,
1785 3992 2222 4050 restitutionem
2273 3993 2558 4050 bonorum
2609 3993 2862 4066 singulis
2913 4012 3008 4050 re-

900 4078 1187 4154 promisit.
1263 4076 1433 4134 Unde
1483 4075 1547 4132 in
1594 4075 1845 4133 concilio
1892 4076 2266 4148 praelatorum
2315 4077 2728 4134 concordatum
2763 4078 2895 4144 fuit,
2935 4085 3008 4133 ut

900 4183 1007 4220 rex
1040 4163 1477 4236 archiepiscopo
1512 4157 1529 4179 ⁸
1546 4159 1846 4233 Stephano
1865 4157 1883 4182 '
1919 4159 2088 4226 3,000
2122 4177 2368 4226 marcas,
2395 4160 2581 4235 priori
2607 4167 2667 4218 et
2691 4164 3008 4218 conventui

902 4247 1313 4306 cantuariensi
1350 4243 1517 4312 1,000
1551 4261 1802 4310 marcas,
1841 4249 1904 4300 et
1937 4245 2166 4302 caeteris
2215 4245 2486 4304 omnibus
2533 4245 2612 4302 ad
2655 4245 3004 4302 dividendas

900 4333 1054 4388 inter
1090 4350 1189 4388 eos
1212 4329 1414 4396 15,000
1434 4346 1681 4396 marcas,
1708 4329 1774 4386 in
1797 4329 2252 4386 satisfactionem
2274 4329 2602 4386 redonaret.
2677 4331 2826 4387 Post
2847 4331 3002 4398 haec,

902 4416 1195 4472 mediante
1252 4414 1438 4471 altero
1488 4413 1705 4486 legato,
1763 4413 1958 4470 dictus
2005 4431 2112 4471 rex
2159 4413 2301 4470 fecit
2352 4413 2695 4488 homagium
2754 4414 3002 4472 domino

566 4505 811 4558 Removal
902 4517 1069 4574 papae
1129 4497 1473 4556 Innocentio
1526 4497 1733 4564 terti03
1791 4503 1966 4570 atque
2019 4503 2160 4554 tunc
2225 4496 2622 4566 interdictum,
2678 4499 2837 4573 quod
2895 4517 3004 4573 per

567 4575 829 4692 fflgtin·
904 4603 1085 4643 annos
1135 4602 1255 4650 sex,
1301 4599 1532 4638 menses
1582 4587 1705 4638 tres
1756 4586 1818 4637 et
1857 4581 1983 4638 dies
2003 4581 2020 4614 ¹
2056 4582 2220 4650 xvii„
2261 4581 2516 4652 duravit,
2570 4583 2830 4682 solutum
2881 4591 3002 4654 est,

1676 4791 1691 4821 ι
1726 4787 1860 4857 aies]
1895 4790 2088 4856 diebus,
2109 4791 2223 4844 ΜΒ.
