3519 5734
807 794 938 855 218
1409 804 1684 855 monus
1727 803 1949 855 AnnAs
1993 804 2298 856 TERTIUS.

469 1003 760 1055 A.D.1182
802 978 1205 1045 monasterio
1247 981 1478 1045 nostro
1493 977 1518 1015 ¹
1562 978 1646 1044 de
1689 974 1920 1059 Melsa,
1960 977 2245 1045 ecclesiae
2288 980 2370 1046 de
2416 978 2726 1066 Waghna,
2770 981 2903 1046 gin.

465 1072 650 1123 -1197.

467 1606 708 1672 Attempt

468 1682 522 1725 to
543 1689 722 1739 appro-

465 1741 626 1805 priate
647 1742 732 1793 the

469 1808 676 1860 chus-ch.

801 1084 976 1169 gulis
1021 1082 1214 1147 annis
1277 1082 1444 1147 duas
1505 1081 1708 1147 libras
1770 1102 1935 1147 cerae
2002 1103 2123 1167 pro
2187 1082 2365 1148 bono
2428 1083 2607 1171 pacis
2650 1084 2902 1150 solvere

805 1184 1225 1263 teneremur,2
1288 1189 1357 1249 et
1419 1206 1461 1249 a
1535 1183 1866 1250 solutione
1942 1183 2344 1249 decimarum
2416 1185 2723 1250 laborum
2798 1188 2900 1252 vel

803 1292 1188 1373 sumptuum
1263 1290 1638 1351 nostrorum
1704 1285 2043 1371 perpetuis
2104 1286 2514 1373 temporibus
2575 1288 2903 1354 immunes

804 1410 1090 1457 essemus
1164 1394 1236 1455 et
1309 1390 1575 1476 penitus
1650 1387 1987 1453 absoluti?
2093 1388 2226 1454 Sed
2306 1390 2440 1455 ista
2514 1391 2904 1477 compositio

802 1490 969 1559 fuit*
1039 1498 1333 1579 tempore
1375 1490 1748 1555 Alexandri
1814 1489 2076 1554 abbatis
2146 1494 2188 1555 4
2242 1492 2510 1577 penitus
2532 1491 2559 1527 ⁶
2620 1492 2901 1559 irritata.

805 1596 1042 1662 Postea
1079 1594 1107 1631 ⁰
1180 1593 1386 1659 abbas
1473 1593 1614 1679 ipse
1701 1592 1988 1657 Thomas
2078 1592 2325 1659 dictam
2400 1594 2739 1660 ecclesiam
2819 1595 2899 1659 de

801 1697 1122 1785 Waghna,
1171 1697 1354 1783 cujus
1397 1694 1746 1763 advocatio
1814 1693 1903 1760 ad
1962 1693 2181 1781 ipsum
2241 1698 2711 1762 monasterium
2756 1718 2901 1762 nos-

799 1808 982 1866 trum
1049 1800 1440 1886 pertinebat,
1485 1799 1558 1862 in
1603 1818 1786 1862 ‚usus
1850 1796 2234 1862 monasterii
2294 1799 2509 1863 nostri
2551 1805 2902 1887 perpetuos

800 1903 1222 1991 appropriare
1265 1900 1624 1965 nitebatur.
1719 1898 1871 1978 Sed,
1906 1899 2062 1985 quia
2104 1898 2309 1963 abbas
2354 1899 2583 1965 Sancti
2628 1900 2905 1967 Martini

802 2007 884 2071 de
927 2005 1228 2069 Auxiaco
1283 2004 1488 2089 juxta
1557 2000 2033 2065 Albemarliam
2099 2001 2174 2064 in
2243 2001 2421 2067 dicta
2484 2002 2756 2069 ecclesia
2790 2004 2903 2090 jus

802 2106 1073 2191 aliquod
1117 2104 1525 2181 vindicabat,
1567 2104 1710 2189 ipse
1764 2102 1969 2167 abbas
2016 2102 2301 2167 Thomas
2344 2126 2386 2167 a
2429 2103 2609 2169 dicto
2654 2105 2903 2171 abbate

803 2208 1032 2277 Sancti
1079 2207 1361 2273 Martini
1405 2206 1745 2272 licentiam
1792 2204 2090 2270 obtinuit
2114 2202 2141 2239 ⁷
2185 2210 2264 2269 ut
2307 2204 2521 2292 ipsam
2566 2208 2899 2273 ecclesiam

801 2312 884 2377 de
915 2311 1239 2399 Waghna,
1270 2332 1416 2375 cum
1464 2308 1714 2395 capella
1758 2308 1842 2372 de
1884 2308 2186 2386 Suttona‚
2220 2328 2369 2373 cum
2415 2308 2722 2374 omnibus
2764 2310 2903 2375 suis

664 2490 676 2502 ,
801 2414 1222 2502 appendiciis,
1269 2416 1420 2498 post
1464 2411 1801 2475 decessum
1867 2409 2140 2474 rectoris
2192 2413 2357 2475 tunc
2416 2410 2663 2475 ibidem
2730 2413 2903 2477 exis-

470 3037 696 3088 Suttona.

472 3115 662 3166 Graan
684 3117 747 3166 of

477 3181 736 3232 Amandus

801 2520 1024 2597 tentis,
1073 2514 1550 2583 monasterium
1593 2517 1899 2579 nostrum
1957 2512 2445 2599 imperpetuum
2499 2513 2904 2599 possideret;

801 2620 1138 2689 reddendo
1181 2617 1530 2685 annuatim
1575 2614 1917 2681 monachis
1962 2614 2191 2679 Sancti
2238 2615 2517 2681 Martini
2564 2616 2648 2681 de
2688 2616 2903 2683 Auxi-

800 2746 916 2790 aco
933 2722 960 2759 ⁸
1021 2723 1246 2789 decem
1311 2740 1583 2797 marcas,
1653 2723 1723 2784 et
1791 2717 2185 2805 episcopalia
2240 2717 2400 2803 jura
2457 2718 2903 2806 persolvenda

803 2826 935 2894 Sed
979 2830 1206 2892 tamen
1248 2822 1498 2888 dictam
1545 2818 1899 2898 ecclesiam,
1946 2818 2367 2886 obstantibus
2410 2820 2645 2887 multis
2672 2821 2905 2902 causis,

803 2949 1145 3014 nunquam
1219 2924 1554 3013 potuimus
1637 2920 2102 3012 appropriare.⁹
2222 2925 2573 2990 Amandus
2646 2946 2905 3011 quoque

805 3031 982 3096 filius
1012 3027 1354 3094 Willielmi
1382 3025 1465 3092 de
1495 3025 1784 3091 Suttona
1824 3023 2214 3092 donationes
2244 3025 2661 3092 dominorum
2694 3027 2905 3094 Saieri

804 3138 872 3199 et
902 3131 1242 3198 Willielmi
1282 3129 1366 3194 de
1399 3128 1688 3196 Suttona
1708 3126 1759 3164 ¹⁰
1804 3127 1997 3193 nobis
2028 3127 2447 3194 confirmavit
2472 3154 2491 3210 ;
2537 3135 2607 3194 et
2634 3130 2901 3218 insuper

473 3249 535 3300 de
553 3249 778 3300 snttona.
805 3236 990 3302 dedit
1032 3234 1224 3300 nobis
1269 3231 1620 3298 dimidium
1650 3230 1873 3296 exitus
1902 3230 2111 3318 ipsius
2155 3231 2271 3317 qui
2315 3236 2593 3298 vocatur
2622 3232 2685 3298 le
2717 3232 2904 3298 Owt-

803 3360 1031 3427 gange,
1076 3343 1154 3403 ut
1198 3336 1558 3402 habeamus
1602 3331 1842 3398 liberos
1886 3333 2217 3420 ingressus
2246 3355 2364 3420 per
2408 3356 2561 3400 eum
2604 3335 2901 3402 animan-

806 3443 987 3508 tibus
1061 3439 1306 3505 nostris
1379 3443 1449 3504 et
1523 3457 1833 3524 egressus,
1944 3435 2035 3500 Et
2101 3435 2159 3500 si
2228 3436 2621 3524 quandoque
2686 3438 2905 3524 ipsum

807 3544 1176 3630 Owtgange
1206 3545 1522 3608 cresceret
1563 3539 1636 3604 in
1680 3541 1968 3626 pratum,
2000 3537 2423 3604 medietatem
2446 3537 2489 3576 ¹¹
2526 3545 2903 3626 proventus,

805 3648 945 3711 sive
973 3644 1194 3710 herbae
1238 3644 1380 3709 sive
1409 3641 1592 3722 foeni‚
1624 3641 1741 3727 qui
1762 3639 1810 3676 ¹²
1856 3640 2009 3705 inde
2054 3641 2455 3728 proveniret,
2493 3642 2901 3708 haberemus

806 3748 1014 3814 Dedit
1077 3746 1280 3812 etiam
1341 3744 1533 3810 nobis
1554 3741 1608 3781 ¹⁸
1669 3743 1854 3810 xxiv,
1922 3763 2105 3808 acras
2166 3743 2365 3830 prati,
2426 3743 2733 3811 videlicet
2790 3745 2906 3810 xii.

874 4076 889 4105 ¹
917 4089 1015 4138 pro
1048 4107 1062 4124 .
1101 4107 1114 4122 .
1149 4107 1161 4119 .
1197 4067 1386 4134 nostro]
1447 4063 1805 4124 monasterium
1847 4067 1853 4089 ¹
1958 4065 1979 4093 ⁸
2010 4063 2164 4114 After
2185 4063 2415 4114 Aua-iaco
2436 4063 2613 4128 insert,
2632 4080 2789 4132 prope
2812 4067 2909 4118 Al-

807 4162 1054 4214 nostrum,
1078 4150 1140 4200 P.
1892 4145 2204 4207 bema-liam,
2227 4145 2287 4195 P.

871 4237 892 4264 ²
927 4229 1215 4296 teneremur]
1253 4233 1519 4284 teneretur,
1541 4225 1602 4273 P.
1960 4227 1981 4255 ⁸
2006 4225 2253 4290 potuimus
2289 4226 2644 4292 appropriare]
2704 4235 2900 4292 potem-

875 4315 895 4342 ³
929 4314 1154 4360 immunes
1203 4346 1218 4360 .
1254 4343 1267 4356 .
1319 4343 1332 4357 .
1380 4302 1616 4372 absoluti]
1675 4310 1809 4356 esset
1896 4319 2007 4354 mus
2029 4304 2275 4366 obtinere,
2295 4305 2356 4355 P.

809 4394 1034 4443 immune
1055 4388 1254 4454 penitus
1276 4391 1328 4436 et
1350 4384 1652 4446 absolutum,
1677 4383 1736 4434 P.
1964 4385 2004 4414 ¹⁰
2036 4383 2190 4434 Astaci-
2232 4383 2445 4436 Sanoua
2485 4385 2657 4450 insert,
2680 4395 2900 4440 anteces-

873 4473 892 4502 ⁴
911 4469 1051 4536 suit]
1088 4467 1253 4518 fuerat
1271 4465 1489 4530 penitus,
1513 4463 1573 4512 P.
1850 4456 1857 4574 1
1898 4476 2068 4513 sorum
2088 4477 2310 4522 suorum,
2334 4465 2393 4514 P.

872 4553 891 4580 ³
917 4547 1140 4615 penitus]
1179 4545 1407 4608 wanting
1428 4541 1480 4592 in
1504 4542 1564 4591 P.
1969 4543 2001 4572 ¹¹
2038 4541 2359 4609 medietatem]
2395 4542 2674 4608 dimidium,
2696 4547 2755 4600 P.

872 4635 892 4662 ⁶
927 4627 1133 4694 Postea]
1172 4625 1402 4676 Tandem
1421 4630 1608 4686 tamen,
1631 4622 1689 4672 P.
1850 4598 1859 4754 Ι
1968 4623 2004 4652 ¹²
2037 4623 2149 4687 qui]
2189 4625 2325 4687 quod
2346 4623 2401 4672 in
2424 4625 2550 4674 both
2574 4625 2725 4678 MSS.

874 4714 890 4740 τ
923 4705 1156 4772 obtinuit]
1193 4703 1462 4766 obtinebat,
1485 4701 1543 4752 P.
1968 4703 2004 4732 ¹³
2038 4699 2195 4753 Dedit
2226 4739 2240 4754 .
2278 4740 2290 4752 .
2326 4701 2489 4770 notae]
2527 4704 2596 4755 Et
2618 4705 2785 4768 etim,
2812 4705 2871 4756 P.
