3519 5734
521 1017 659 1070 AD.
687 1023 828 1072 1198.

523 2005 662 2058 A.D.
689 2012 832 2060 1194.

523 2087 816 2139 Liberation

522 2156 624 2203 and
647 2161 818 2206 return

520 2219 724 2298 otthing

515 4030 624 4113 His·
634 4048 774 4087 eoro-

521 4108 694 4151 nacon
716 4110 771 4154 at

513 4164 782 4283 t'ginches-

853 825 984 898 274
1459 839 1736 893 mons
1780 839 1999 892 Annas
2041 839 2349 904 mrms

853 1027 982 1103 tus,
1024 1021 1212 1089 lanas
1255 1027 1326 1089 et
1367 1021 1502 1088 alia
1542 1023 1720 1089 bona
1762 1021 2086 1110 quaedam,
2134 1022 2222 1087 ad
2266 1021 2560 1087 valorem
2604 1041 2726 1086 ccc.
2770 1039 2943 1083 mar-

854 1147 1097 1207 carum,
1173 1127 1370 1214 regiis
1436 1125 1762 1193 ministris
1823 1131 2094 1214 propter
2168 1123 2507 1212 praemissa
2577 1120 2945 1189 tradidisse.

855 1227 1056 1297 Unde
1101 1227 1374 1296 initium
1419 1227 1705 1318 sumpsit
1748 1227 2137 1296 monasterii
2180 1225 2391 1295 nostri
2436 1225 2770 1293 desolatiO.

857 1521 1017 1591 GAP.
1063 1519 1318 1590 XXIV.
1363 1519 1466 1589 De
1517 1519 1917 1589 babeo-amm
1978 1517 2275 1587 Βῶοανῶὶ
2335 1517 2517 1606 reqvie
2564 1539 2614 1588 a
2662 1517 2947 1607 eaptivi-

1034 1630 1222 1706 tate,·
1286 1621 1807 1712 depo-&tatione
1852 1620 2207 1690 Johaavnie
2250 1621 2510 1710 fratris
2555 1621 2823 1704 swket
2872 1621 2951 1687 de

1033 1725 1432 1796 bibam-amum
1459 1747 1766 1795 concessa
1792 1725 1941 1812 rem:
1960 1725 2201 1796 scotiae
2219 1723 2528 1793 venienti
2554 1723 2649 1793 ad
2676 1722 2950 1792 curiam

1033 1829 1213 1920 remla
1259 1827 1555 1918 Anylioe.

946 2000 1164 2072 Igitur,
1211 2011 1388 2057 anno
1449 1987 1723 2056 Domini
1771 1991 1947 2058 1193
2010 1991 2082 2056 et
2142 1987 2331 2077 regni
2372 1987 2579 2076 ipsius
2622 1986 2798 2075 regis
2842 1985 3277 2082 Ri·R.ffigden,

855 2094 1037 2160 cardi
1083 2097 1144 2171 4,
1189 2107 1325 2174 post
1357 2100 1757 2158 Alemannicae
1792 2100 2145 2158 detentionis
2180 2099 2424 2158 taedium
2458 2098 2617 2171 quod
2640 2098 2813 2170 plene
2834 2117 2952 2154 uno
2976 2084 3070 2136 0⁰¹-
3094 2089 3235 2136 ²⁴⁰⁸·

855 2223 1023 2272 anno,
1075 2207 1110 2260 3
1155 2203 1457 2260 mensibus
1519 2199 1592 2262 et
1654 2198 1697 2261 3
1743 2193 1994 2275 diebus,
2055 2203 2388 2270 duraverat,
2454 2215 2497 2258 a
2559 2191 2953 2280 captivitate

853 2309 1083 2364 laxatus
1133 2313 1226 2364 est
1267 2297 1409 2384 ipse
1452 2323 1556 2362 rex
1605 2305 1918 2374 Ricardus,
1974 2322 2175 2362 mense
2228 2303 2517 2373 Januarii,
2556 2323 2663 2376 pro
2696 2323 2751 2363 c.
2790 2304 2953 2360 mille

851 2407 1022 2466 libris
1061 2449 1077 2465 .
1116 2447 1136 2467 .
1171 2445 1192 2468 .
1238 2399 1524 2466 monetae
1570 2397 1852 2486 publicae
1894 2403 1965 2466 et
2008 2397 2303 2487 probatae
2346 2397 2433 2464 ad
2476 2397 2733 2485 pondus
2764 2397 2955 2466 Colo-

851 2502 1003 2584 niae,
1047 2508 1272 2568 relictis
1323 2510 1482 2582 apud
1532 2510 1951 2582 imperatorem
2012 2508 2315 2566 obsidibus
2374 2508 2835 2582 Rothomagensi
2892 2511 2951 2564 et

851 2610 1234 2670 Bathoniensi
1292 2611 1583 2684 episcopis
1653 2629 1764 2684 pro
1832 2617 2001 2684 parte
2070 2609 2337 2683 pecunioe
2406 2609 2665 2666 nondum
2722 2610 2949 2668 solutae.

851 2691 1122 2780 Aliique
1183 2691 1445 2758 obsides
1507 2692 1684 2778 apud
1752 2694 1988 2760 ducem
2032 2691 2329 2758 Austriae
2388 2691 2592 2756 etiam
2635 2690 2953 2757 teneban-

853 2799 986 2875 tur,
1012 2817 1134 2884 pro
1161 2793 1410 2882 viginti
1455 2795 1638 2861 mille
1681 2795 1918 2862 marcis
1963 2816 2114 2884 quae
2157 2793 2221 2862 ei
2264 2791 2478 2860 adhuc
2522 2792 2607 2860 de
2646 2793 2951 2883 portione

853 2920 976 2965 sua
1042 2896 1472 2965 debebantur.
1583 2897 1900 2967 Liberato
1962 2903 2189 2965 autem
2254 2920 2407 2986 rege
2451 2920 2493 2963 a
2534 2898 2953 2987 captivitate,

853 2999 1188 3058 demorante
1222 3005 1420 3058 tamen
1441 3002 1596 3073 apud
1621 3001 1936 3074 Swynnam
1957 3003 2023 3059 in
2043 3002 2323 3059 Flandria
2354 3002 2390 3057 2
2426 3002 2595 3073 plene
2630 3002 2949 3070 mensibus,

853 3090 956 3141 aut
1005 3090 1247 3157 propter
1297 3084 1472 3142 flatus
1522 3086 1802 3143 adversos
1852 3092 1957 3144 aut
2008 3086 2202 3159 gratia
2249 3087 2567 3143 necessarii
2616 3092 2948 3160 apparatae,

852 3170 1188 3241 imperiales
1247 3170 1611 3243 apparitores
1671 3170 1759 3227 sic
1820 3170 2217 3227 demorantem
2273 3188 2440 3243 paene
2498 3170 2949 3243 interceperant.

851 3262 1217 3322 Poenituerat
1243 3256 1423 3321 enim
1451 3261 1866 3336 imperatorem
1887 3265 2183 3321 relaxasse
2198 3262 2215 3297 ¹
2238 3282 2463 3337 regem,
2485 3263 2641 3322 sicut
2662 3266 2951 3337 quondam

851 3363 1220 3421 Pharaonem
1251 3366 1547 3421 relaxasse
1581 3364 1791 3421 Israel.
1864 3364 2073 3423 Mense
2106 3366 2344 3422 tandem
2379 3364 2615 3433 Martie,
2654 3384 2759 3422 rex
2802 3380 2952 3423 cum

849 3460 1063 3522 matre
1092 3478 1231 3538 sua,
1260 3478 1409 3543 quse
1439 3479 1592 3523 eum
1619 3456 1695 3522 in
1723 3457 2117 3546 captivitate
2146 3479 2265 3545 pro
2282 3458 2535 3525 viribus
2564 3458 2947 3544 adjuvabat,

849 3558 1026 3644 apud
1071 3564 1444 3625 Sandwicum
1476 3572 1716 3640 portum
1750 3566 2055 3640 applicuit,
2083 3574 2145 3624 et
2165 3567 2397 3625 modica
2430 3568 2588 3641 apud
2622 3570 2951 3627 Londonias

849 3674 1016 3715 mora
1048 3659 1204 3715 facta
1235 3660 1543 3732 prooessit,
1583 3678 1652 3719 ac
1700 3660 2098 3717 munitissima
2129 3660 2171 3716 J
2172 3661 2417 3719 ohannis
2456 3662 2658 3719 fratris
2696 3663 2792 3720 sui
2828 3682 2953 3719 cas-

849 3743 996 3800 tella
1027 3742 1102 3799 de
1145 3743 1526 3817 Notyngham
1558 3744 1633 3801 'et
1672 3744 1966 3817 Tykhulle
2012 3746 2256 3818 accepit,
2308 3764 2559 3819 quorum
2606 3748 2953 3805 castellanos

849 3827 1256 3885 incarceravit.
1332 3829 1372 3885 J
1373 3830 1660 3885 ohannem
1683 3828 1930 3885 fratrem
1955 3846 2129 3885 suum
2152 3834 2433 3902 tanquam
2456 3830 2760 3904 ingratum
2782 3838 2844 3888 et
2864 3832 2954 3889 in·

849 3921 1035 3979 fidum
1059 3922 1288 3996 ‘judicio
1309 3940 1616 3995 procerum
1648 3914 1836 3981 ‘zum'
1865 3922 2023 3979 omni
2045 3924 2265 3981 honore
2288 3924 2562 3997 privavit,
2597 3925 2667 3985 et
2696 3940 2806 3985 eos
2834 3918 2951 4005 qui
3424 3902 3426 3988 A

849 4016 914 4083 ei
955 4017 1372 4087 adhaeserant
1414 4018 1861 4085 exheredavit.
1888 4066 1907 4083 .
1952 4068 1969 4086 .
2014 4067 2031 4084 .
2074 4069 2090 4084 .
2138 4026 2337 4099 Atque
2374 4029 2531 4100 apud
2552 4030 2949 4103 Wyntoniam,

847 4133 1126 4202 tanquam
1179 4130 1413 4187 detersa
1426 4128 1448 4162 ⁸
1495 4128 1622 4199 jam
1669 4128 2030 4202 captivitatis
2082 4141 2219 4187 suae
2262 4128 2604 4201 ignominia,
2644 4130 2815 4203 quasi
2847 4148 2953 4186 rex
3423 4122 3424 4216 1

849 4248 1052 4298 novus,
1079 4229 1139 4287 5⁰
1158 4230 1334 4303 regni
1369 4228 1464 4287 sui
1487 4246 1654 4299 anno,
1688 4220 1775 4287 ab
1806 4220 2116 4291 Huberto
2148 4222 2611 4291 Cantuariensi
2638 4224 2953 4311 archiepi-

850 4343 1039 4412 scopo
1068 4324 1144 4388 in
1173 4324 1392 4391 clauso
1433 4323 1700 4391 Paschae
1731 4333 2051 4392 solenniter
2087 4341 2395 4392 coronatus
2428 4340 2536 4393 est.
2612 4335 2759 4392 Post
2780 4337 2953 4408 cujus

849 4426 1239 4485 coronationis
1275 4428 1556 4495 solennia,
1586 4426 1870 4507 quicquid
1892 4432 2059 4506 prius
2082 4431 2275 4487 levius
2311 4431 2515 4488 datum
2551 4437 2655 4487 aut
2688 4430 2952 4501 graviter

917 4634 933 4665 ¹
955 4632 1230 4704 relaxasse]
1257 4636 1522 4703 dimisisse,
1543 4639 1606 4689 R.
1631 4640 1701 4691 H.
1988 4645 2009 4675 ⁸
2028 4642 2247 4710 detersa]
2275 4643 2495 4704 detrusa,
2516 4642 2579 4693 R.
2606 4640 2673 4693 H.

909 4716 932 4747 ¹
963 4714 1097 4785 cm]
1135 4724 1226 4771 not
1243 4720 1446 4771 wanted
1465 4720 1549 4771 for
1563 4720 1652 4773 the
1673 4736 1833 4775 sense.
