3519 5734
1361 793 1559 850 mm
1600 793 1820 850 Annss
1857 769 2139 850 ramus
2700 785 2788 852 83

693 975 935 1062 atque)
980 974 1109 1062 ipsi
1151 975 1509 1040 conventui
1552 973 1944 1061 praescripto
1988 973 2208 1039 Adam
2269 969 2586 1037 monacho
2629 990 2794 1059 prae-

692 1077 865 1144 fecto
930 1077 1004 1144 in
1076 1071 1434 1158 abbatem‚⁸
1498 1077 1714 1142 locum
1781 1077 1998 1163 ipsum
2073 1072 2365 1162 praefatis
2431 1073 2661 1139 abbati
2725 1079 2795 1140 et

692 1180 1027 1248 monachis
1098 1176 1359 1267 suisque
1433 1177 1909 1246 successoribus
1930 1177 1958 1216 ³
2045 1176 2404 1244 relaxabat.
2540 1176 2796 1242 Deinde

595 1273 603 1280 ’
693 1286 1036 1369 coeperunt
1108 1282 1274 1348 dicti
1362 1280 1637 1348 abbates
1658 1279 1687 1318 ⁴
1761 1285 1832 1347 et
1923 1277 2230 1346 monachi
2319 1299 2403 1344 ex
2491 1278 2796 1366 operibus
2820 1290 3030 1342 Manual

694 1403 1011 1450 manuum
1085 1402 1352 1450 suarum
1425 1381 1683 1450 victum
1761 1397 2052 1470 quaerere
2128 1380 2636 1470 quotidianum,⁵
2723 1383 2796 1446 in
2821 1357 3127 1477 ξῖξοζξῃῗὲ.

693 1487 927 1554 sudore
972 1487 1201 1553 vultus
1261 1486 1365 1552 sui
1425 1505 1597 1574 pane
1661 1502 1780 1552 suo
1823 1487 2178 1565 vescentes,
2211 1490 2295 1550 'et
2355 1484 2430 1549 in
2475 1482 2809 1572 sanguine-

694 1611 813 1656 suo
856 1589 1121 1655 vineam
1168 1589 1441 1655 Domini
1487 1585 1782 1655 Sabaoth
1846 1588 2380 1675 complantantes.
2493 1587 2796 1653 Oonflue·
2823 1605 3131 1658 Confluence

694 1691 861 1757 bant
902 1711 1057 1778 ergo
1101 1691 1187 1756 ad
1233 1711 1345 1756 eos
1385 1691 1681 1776 undique
1743 1689 2318 1778 conprovinciales,
2381 1689 2468 1755 ad
2533 1690 2794 1775 coadju-
2819 1674 2881 1790 ἓξ
2891 1675 3066 1791 ξζὲΡῙθ

694 1795 984 1860 vandum
1057 1791 1343 1881 quidam,
1390 1791 1662 1881 quidam
1704 1812 1864 1859 vero
1908 1791 1996 1858 ad
2040 1791 2542 1860 conversionem.
2648 1791 2798 1858 Sto·
2819 1816 3048 1874 country.

697 1895 872 1962 lidus
938 1896 1116 1962 enim
1182 1896 1469 1985 populus
1496 1895 1525 1933 ⁰
1570 1901 1838 1983 gentem
1903 1895 2360 1960 admirabatur
2403 1895 2796 1960 cucullatam

697 1999 1094 2084 quibusdam
1162 1998 1577 2087 temporibus
1645 1983 1898 2064 divinis
1966 1998 2296 2085 obsequiis
2356 1997 2796 2078 insistentem,

696 2112 764 2168 et
838 2101 984 2168 aliis
1057 2102 1469 2190 temporibus
1559 2101 1867 2190 operibus
1941 2101 2297 2166 rusticanis
2373 2099 2800 2189 occupatam.⁷

698 2203 1061 2291 Coeperunt
1103 2206 1340 2271 deinde
1386 2203 1551 2270 dicti
1594 2203 1898 2270 monachi
1913 2201 1940 2241 ⁸
1995 2203 2071 2268 in
2129 2201 2428 2270 aedificiis
2472 2209 2540 2269 et
2585 2223 2800 2269 neces-

696 2307 887 2372 sariis
968 2305 1267 2394 quotidie
1340 2309 1700 2396 proficere3
1765 2312 1836 2372 et
1909 2307 2123 2372 indies
2199 2327 2424 2372 eorum
2487 2324 2801 2372 numerus
2885 2351 2892 2358 -

698 2410 899 2497 ooepit
962 2411 1206 2498 augeri,
1251 2411 1513 2477 devotis
1558 2409 2196 2498 conprovincialibus
2239 2429 2474 2474 manus
2519 2409 2613 2474 eis
2655 2429 2802 2494 por-

696 2511 1070 2599 rigentibus
1122 2513 1495 2599 adjutrices.
1587 2512 1615 2551 ⁹
1637 2512 1842 2578 Porro
1904 2513 2079 2578 idem
2125 2511 2522 2577 venerabilis
2591 2531 2804 2576 eomes
2829 2521 3113 2574 Donations

698 2615 900 2701 coepit
973 2615 1299 2680 dictorum
1373 2615 1842 2681 monachorum
1904 2612 2306 2702 profectibus
2359 2613 2764 2700 congaudere
2789 2637 2804 2694 ;
2829 2590 3016 2708 ggrtlhgf

700 2719 787 2795 et,
832 2717 906 2781 in
966 2723 1395 2803 augmentum
1460 2716 1674 2783 divini
1738 2718 1974 2798 cultUS,
2023 2717 2210 2782 dedit
2254 2717 2348 2782 eis
2393 2717 2659 2781 boscum
2724 2716 2803 2780 de
2829 2725 3135 2775 Albemarle.

702 2817 914 2896 Rada,
962 2841 1156 2905 quem
1200 2820 1455 2907 pridem
1502 2843 1651 2886 cum
1692 2820 1911 2886 Alano
1957 2819 2038 2886 de
2085 2819 2506 2905 Scrutevylla
2549 2841 2668 2906 pro
2713 2818 2802 2883 lx.
2827 2803 3106 2923 {gfff-‘³0

701 2920 869 2985 acris
912 2926 1107 2987 terrae
1150 2920 1417 2988 arabilis
1460 2923 1536 2988 in
1582 2923 1996 3009 Aldburgho‚
2032 2946 2106 2989 eo
2152 2923 2362 3010 magis
2407 2923 2803 3001 valentibus

701 3025 1153 3090 commutavit.
1268 3018 1599 3111 Quicquid
1661 3026 1864 3091 etiam
1919 3025 2166 3091 habuit
2228 3026 2300 3090 in
2347 3024 2662 3112 Waghna
2723 3026 2804 3090 de
2831 3029 3080 3093 Waghna.

700 3126 1099 3212 patrimonio
1142 3129 1407 3214 proprio
1471 3133 1539 3194 et
1603 3128 1684 3194 de
1750 3126 2153 3216 patrimonio
2210 3128 2692 3214 archiepiscopi,
2739 3132 2806 3193 et

702 3226 1035 3295 ecclesiam
1095 3230 1391 3315 ejusdem
1442 3232 1649 3309 villae,
1695 3254 1772 3297 ac
1818 3231 2090 3297 Petrum
2137 3231 2218 3296 de
2263 3228 2572 3317 Waghna
2633 3228 2806 3294 mili—

666 3336 837 3421 ·tem
904 3354 1111 3412 suum,
1161 3340 1229 3399 et
1292 3337 1673 3400 tenemento.
1738 3334 1969 3425 ipsius,
2013 3335 2112 3399 ita
2178 3339 2404 3399 tamen
2448 3333 2623 3419 quod
2668 3333 2806 3418 ipse

704 3433 939 3500 Petrus
1006 3439 1180 3501 esset
1250 3436 1607 3503 attendens
1682 3434 1881 3502 dictis
1957 3436 2298 3502 monachis
2373 3437 2455 3500 de
2531 3435 2807 3521 singulis

702 3537 993 3602 servitiis
1040 3538 1195 3617 suis,
1244 3538 1453 3605 donec
1519 3540 1697 3623 idem
1767 3560 1980 3604 comes
2044 3539 2318 3625 praefato
2365 3539 2580 3603 Petro.
2607 3538 2804 3602 chan-

700 3638 881 3725 giam
954 3640 1039 3703 ad
1112 3638 1553 3706 valitudinem
1629 3646 1824 3707 terrae
1899 3664 2036 3707 suae
2125 3642 2465 3721 conferret,
2542 3640 2736 3705 dictis
2758 3640 2807 3677 ¹⁰

768 3922 785 3953 ¹
820 3916 993 3988 atque]
1032 3928 1097 3983 et,
1120 3922 1182 3972 P.
1803 3932 1951 3975 antea
1972 3924 2026 3974 in
2049 3924 2139 3975 illa
2159 3924 2326 3975 insula
2346 3924 2650 3975 monasteria
2671 3925 2808 3974 nulla
2912 3966 2920 3973 .

766 4001 789 4033 ²
819 4000 975 4051 Aster
1005 4000 1225 4052 abbatem
1274 4000 1433 4053 insert
1470 4002 1703 4055 kalendis
1797 4004 2018 4078 ¹fuerunt,
2040 4004 2100 4055 P.

700 4078 949 4141 «Ianuarii,
980 4080 1043 4133 P.
1870 4085 1891 4115 ⁸
1921 4083 2043 4133 dicti
2058 4080 2306 4147 monachi]
2342 4082 2570 4149 wanting
2590 4083 2644 4133 in
2666 4084 2726 4135 P.

766 4162 787 4191 ⁸
818 4160 971 4211 After
990 4159 1345 4212 successoribus
1377 4162 1537 4214 insert
1565 4162 1705 4229 prius
1868 4165 1889 4193 ⁹
1923 4163 1988 4212 In
2001 4163 2112 4215 MS.
2127 4164 2188 4213 P.
2202 4162 2304 4213 this
2326 4162 2372 4213 is
2391 4162 2479 4213 the
2502 4177 2810 4213 commence-

701 4240 956 4303 collntum,
978 4241 1041 4291 P.
1805 4250 1944 4293 ment
1965 4243 2027 4292 of
2040 4242 2127 4292 the
2148 4242 2261 4293 fisth
2285 4242 2502 4306 chapter,
2517 4244 2603 4293 the
2625 4243 2734 4292 title
2757 4250 2809 4291 to

766 4320 786 4349 ⁴
820 4318 1048 4386 abbates]
1088 4320 1259 4383 abbas,
1279 4322 1341 4371 P.
1807 4321 1976 4371 which
1999 4320 2044 4372 is
2065 4324 2097 4349 “
2114 4321 2195 4371 De
2219 4320 2368 4372 terris
2393 4321 2520 4373 datis
2543 4322 2690 4372 nobis
2723 4336 2811 4385 per

766 4400 787 4429 ⁸
812 4399 1167 4467 quotidianum]
1194 4400 1519 4462 cotidianum,
1534 4400 1589 4451 in
1602 4400 1707 4451 this
1807 4406 1838 4429 ‘⁸
1873 4400 2209 4451 Willielmum
2270 4400 2432 4451 Groos
2497 4402 2810 4451 fundatorem

702 4478 832 4529 asin
850 4480 995 4530 other
1012 4480 1269 4531 instances
1290 4480 1345 4529 in
1366 4480 1489 4531 both
1506 4480 1660 4532 MSS.
1806 4482 1840 4507 “
1872 4487 2100 4529 nostrum
2149 4480 2206 4528 in
2247 4481 2399 4531 bosco
2445 4482 2508 4531 de
2545 4481 2713 4542 Rada,
2759 4478 2812 4527 in

768 4560 788 4589 ⁸
818 4558 969 4609 After
993 4558 1207 4626 populus
1236 4560 1394 4611 insert
1435 4560 1592 4625 ipsius
1625 4560 1706 4609 in·
1809 4562 1841 4586 “
1873 4558 2126 4624 Waghna,
2170 4559 2224 4609 in
2273 4560 2496 4621 Hotona,
2541 4560 2595 4609 in
2639 4558 2811 4607 whit-

701 4636 843 4699 suloe,
863 4638 926 4687 P.
1809 4642 1840 4668 ⁴‘
1873 4640 2132 4702 bynu-and,
2153 4638 2280 4698 etin
2304 4638 2614 4704 Eggetona.”

768 4718 788 4745 '
818 4716 972 4768 After
1023 4726 1308 4784 occupatam
1356 4716 1530 4781 insert,
1576 4718 1709 4769 Nam
1877 4719 1914 4748 ¹⁰
1945 4716 2114 4784 diets]
2154 4718 2447 4783 saepedietis,
2473 4719 2536 4769 P.

2409 4824 2544 4887 r2
