3519 5734
814 857 847 920 1
860 855 943 918 58
1468 863 1667 917 ADAM
1712 865 1930 918 ABBAS
1973 867 2248 920 PRIMUS.

809 1041 992 1097 riensi
1040 1058 1114 1096 ne
1164 1040 1359 1114 ipsum
1392 1041 1555 1112 regis
1602 1041 1792 1097 filium
1837 1041 1904 1096 in
1941 1059 2144 1113 regem
2199 1041 2557 1109 sublimaret,
2583 1043 2746 1115 ‚quia
2803 1060 2906 1102 rex

813 1125 1142 1200 Stephanus
1178 1143 1430 1199 regnum
1477 1131 1679 1184 contra
1716 1127 2117 1199 juramentum
2151 1127 2529 1202 praeripuisse
2577 1129 2904 1187 videbatur.

810 1210 1077 1276 Interim,
1116 1209 1411 1268 Henricus
1436 1229 1619 1267 nonus
1644 1211 1764 1267 dux
1785 1211 1846 1268 N
1847 1213 2164 1268 ormanniae
2201 1219 2261 1268 et
2294 1230 2488 1269 comes
2523 1213 2900 1285 Andagaviae‚

810 1296 969 1352 filius
1004 1294 1268 1352 Matildis
1305 1295 1717 1368 imperatricis,
1782 1296 2162 1367 desponsavit
2207 1291 2565 1364 Alienoram,
2623 1296 2806 1352 filiam
2843 1305 2904 1354 et

808 1379 1086 1437 heredem
1144 1379 1455 1436 willielmi
1505 1374 1735 1437 comitis'
1801 1378 2166 1436 Pictavensis
2223 1385 2283 1436 et
2331 1380 2497 1436 ducis
2541 1381 2897 1452 Aquitaniae,

808 1470 869 1520 et
924 1470 1129 1536 postea
1175 1464 1341 1520 venit
1398 1464 1461 1519 in
1538 1465 1822 1536 Angliam
1887 1481 2140 1537 regnum
2214 1464 2538 1532 vindicans,
2599 1466 2675 1521 ad
2747 1466 2902 1522 obsi·

806 1549 1038 1605 dionem
1099 1548 1463 1620 quorundam
1520 1555 1850 1605 castrorum
1909 1547 2310 1606 amovendam.
2414 1549 2563 1604 Cum
2625 1567 2740 1621 quo
2796 1569 2902 1608 rex

808 1634 1139 1706 Stephanus
1174 1651 1377 1706 pacem
1412 1633 1581 1700 iniit;
1644 1639 1715 1689 ut
1751 1634 1899 1706 ipse,
1939 1633 2236 1701 videlicet,
2283 1633 2613 1706 Stephanus
2648 1651 2899 1705 regnum

806 1725 869 1774 et
935 1717 1225 1789 regaliam
1295 1717 1531 1791 Angliae
1590 1718 1654 1774 in
1711 1722 1835 1773 tota
1891 1718 2016 1774 vita
2087 1735 2195 1774 sua
2263 1719 2562 1784 retineret,
2623 1723 2701 1784 et,
2777 1725 2902 1776 tota

806 1803 1187 1869 Normannia,
1250 1819 1391 1874 rege
1451 1802 1641 1858 adhuc
1698 1803 1957 1869 vivente,
2021 1802 2158 1858 duci
2211 1802 2473 1858 Henrico
2543 1802 2901 1860 hereditarie

806 1904 1097 1953 concessa,
1135 1887 1262 1958 ipse
1315 1886 1432 1942 dux
1490 1903 1739 1958 regnum
1800 1891 1935 1958 post
1986 1886 2171 1943 vitam
2209 1885 2489 1958 Stephani
2527 1885 2688 1958 regis
2735 1887 2903 1942 here-

796 1971 1017 2027 ditarie
1076 1988 1147 2026 ex
1204 1971 1438 2042 integro
1482 1969 1830 2042 possideret.
1928 1970 2160 2037 Postea,
2221 1989 2328 2026 rex
2363 1969 2714 2042 Stephanus,
2754 1989 2904 2027 anno

802 2056 975 2127 regni
1028 2056 1123 2110 sui
1172 2055 1261 2120 19,
1314 2073 1351 2111 a
1398 2053 1735 2110 fundatione
1785 2055 1965 2127 hujus
2015 2055 2356 2111 monasterii
2401 2057 2458 2121 4,
2507 2061 2697 2112 morte
2753 2073 2905 2129 prae·

800 2145 1031 2207 ventus,
1094 2141 1250 2212 apud
1282 2139 1702 2196 monasterium
1735 2139 1810 2196 de
1843 2140 2163 2197 Faversam
2195 2140 2262 2195 in
2295 2138 2534 2206 Oancia,
2571 2139 2730 2212 quod
2775 2140 2904 2211 ipse

802 2226 1165 2291 fundaverat,
1242 2225 1547 2298 sepelitur.
1658 2223 1774 2294 Qui
1836 2225 2119 2297 quicquid
2193 2224 2360 2280 nobis
2420 2229 2562 2281 tunc
2621 2224 2896 2280 collatum

803 2312 996 2367 fuerat
1064 2308 1235 2366 nobis
1308 2309 1691 2376 confirmavit,
1773 2309 2028 2366 liberum
2093 2309 2360 2382 quietum
2431 2308 2506 2364 de
2565 2309 2894 2382 Danegyld,

802 2395 1061 2462 murdro,
1119 2401 1178 2452 et
1228 2395 1301 2450 de
1354 2395 1623 2454 omnibus
1676 2395 1890 2467 geldis,
1945 2413 2080 2450 cum
2133 2411 2268 2450 soca
2320 2399 2381 2449 et
2433 2411 2585 2460 saca,
2626 2399 2687 2450 et
2719 2393 2802 2450 tol
2839 2400 2899 2450 et

802 2483 1019 2547 theam,
1075 2487 1136 2537 et
1168 2480 1511 2546 infantheof,
1563 2485 1624 2535 et
1670 2497 1807 2536 cum
1855 2480 1988 2535 aliis
2023 2477 2398 2535 libertatibus
2448 2483 2508 2533 et
2557 2478 2897 2551 quietantiis

800 2583 935 2620 cum
978 2565 1191 2637 quibus
1242 2565 1492 2620 ecclesia
1524 2564 1683 2620 beati
1735 2563 1903 2619 Petri
1949 2563 2335 2619 Eboracensis
2371 2569 2534 2618 tenet
2587 2569 2646 2618 et
2697 2562 2892 2620 habet.

798 2649 985 2720 Cujus
1014 2650 1297 2721 Stephani
1321 2649 1483 2722 regis
1516 2654 1802 2720 tempore,
1829 2647 2001 2702 miles
2027 2647 2286 2720 quidam,
2325 2647 2556 2702 nomine
2593 2646 2892 2712 Oswenus,

796 2734 1206 2806 purgatorium
1240 2732 1489 2788 Patricii
1524 2733 1774 2803 contigit
1807 2733 2082 2787 introisse
2109 2753 2125 2798 3
2179 2731 2284 2803 qui
2318 2729 2550 2786 rediens
2589 2731 2805 2802 gaudia
2839 2738 2899 2788 et

798 2836 1000 2891 poenas
1038 2835 1181 2891 quas
1216 2817 1446 2874 viderat
1492 2817 1802 2873 enarravit.
1877 2817 2109 2874 Mortuo
2153 2833 2298 2888 rege
2337 2813 2649 2888 Stephano,
2703 2815 2894 2875 dictus

798 2903 1093 2959 Henricus
1130 2902 1249 2957 dux
1281 2902 1673 2967 Normanniae‚
1700 2901 1859 2957 filius
1898 2901 2152 2957 Galfridi
2187 2901 2418 2957 comitis
2440 2899 2800 2972 Andegaviae
2837 2910 2898 2959 et

798 2986 1063 3043 Matildis
1091 2986 1383 3059 quondam
1414 2986 1824 3059 imperatricis,
1863 2986 2001 3042 filiae
2047 2985 2209 3057 regis
2247 2985 2493 3041 Henrici
2529 2985 2794 3051 senioris,
2833 2989 2894 3043 in

796 3089 1003 3143 regem
1054 3076 1381 3129 coronatur.
1492 3072 1573 3127 Et
1621 3072 1893 3126 continuo
1947 3070 2188 3127 castella
2241 3070 2435 3125 omnia
2480 3074 2558 3125 et'
2585 3070 2891 3138 forciletta,

800 3174 931 3228 quaa
954 3175 1056 3211 rex
1083 3156 1413 3228 Stephanus
1436 3155 1512 3210 ad
1536 3172 1701 3221 suam
1725 3156 2166 3227 usurpationem
2189 3153 2611 3210 defendendam
2635 3157 2897 3212 construi

800 3242 1034 3307 fecerat,
1072 3241 1217 3297 fecit
1262 3240 1590 3311 exstirpari.
1680 3238 1936 3310 Burgos,
1988 3240 2182 3305 villas,
2241 3245 2302 3294 et
2357 3238 2602 3295 castella
2649 3240 2770 3296 alia
2819 3242 2895 3297 ad

798 3343 1067 3383 coronam
1102 3325 1469 3397 pertinentia,
1510 3340 1641 3393 quae
1677 3323 1834 3379 idem
1867 3342 1973 3379 rex
1997 3324 2327 3396 Stephanus
2363 3324 2615 3381 diversis
2649 3326 2894 3383 homini-

796 3412 905 3467 bus
942 3411 1291 3475 conferebat,
1326 3409 1391 3463 in
1422 3425 1630 3464 manus
1664 3409 1863 3479 regias
1901 3416 2259 3482 praeceperat
2295 3410 2606 3482 receptari.
2677 3410 2896 3467 Secun-

796 3496 989 3567 doque
1024 3512 1175 3550 anno
1208 3494 1380 3565 regni
1416 3494 1510 3549 sui
1544 3490 1841 3548 Adrianus
1873 3512 2028 3566 papa
2074 3493 2322 3549 tradidit
2355 3494 2704 3549 Hiberniam
2736 3495 2894 3551 dicto

796 3580 927 3651 regi
984 3579 1265 3645 Hem-icc,
1314 3576 1623 3633 tributarie
1674 3578 1982 3633 tenendam
2045 3576 2118 3632 de
2171 3577 2436 3633 Romana
2487 3577 2734 3633 ecclesia
2784 3597 2892 3651 pro

796 3665 1074 3719 trecentis
1108 3662 1323 3718 marcis
1359 3661 1675 3718 annuatim.
1750 3661 1830 3717 Et
1863 3662 1928 3717 in
1964 3666 2172 3734 quarto
2207 3661 2379 3733 regni
2416 3660 2508 3717 sui
2544 3678 2694 3717 anno
2717 3680 2890 3733 reges

797 3746 1025 3803 Walliae
1068 3752 1129 3802 et
1175 3747 1387 3802 Scotiae
1446 3763 1552 3801 suo
1606 3744 1931 3802 dominatui
1983 3763 2045 3803 se
2099 3744 2534 3811 submittebant,
2593 3750 2652 3799 et
2703 3750 2890 3803 totum

792 3830 1350 3895 Nerthumbreland,
1414 3835 1674 3887 castrum
1731 3830 1807 3885 de
1872 3829 2275 3900 Baumburgh,
2323 3828 2385 3885 N
2386 3845 2561 3885 ovum
2613 3827 2886 3887 Castrum

798 3931 973 3986 super
1008 3914 1232 3986 Tynam
1268 3920 1329 3971 et
1363 3915 1701 3970 comitatum
1734 3914 2112 3979 Lancastriae,
2165 3914 2227 3968 in
2279 3931 2485 3969 manus
2533 3930 2671 3969 suas
2707 3915 2888 3971 etiam

796 4000 1041 4057 seisivit.
1112 3998 1283 4055 Anno
1345 3998 1582 4071 quidem
1640 4006 1920 4070 sequente
1979 3999 2041 4053 in
2100 3998 2378 4054 Walliam
2436 4016 2571 4054 cum
2631 3999 2888 4055 exercitu

794 4084 1191 4149 transvolavit,
1221 4088 1297 4149 et,
1338 4081 1594 4138 fundatis
1630 4081 1852 4139 ibidem
1887 4083 2113 4140 duobus
2149 4083 2381 4150 castris,
2418 4082 2652 4139 rediens
2689 4100 2885 4140 mone·

796 4174 917 4225 tam
952 4186 1120 4227 suam
1154 4169 1375 4225 fecerat
1409 4166 1774 4224 commutari.
