3519 5734
1113 869 1544 922 *mxuma
1585 869 1801 920 AssAs
1846 872 2180 931 omarus
2569 861 2693 925 321

595 1191 698 1258 XI
705 1192 795 1258 ΙΙ.
827 1193 926 1260 De
955 1191 1448 1260 temmnt‘isin
1467 1191 1490 1230 ¹
1523 1193 1785 1262 Oktona
1807 1218 1836 1274 ;
1866 1201 1925 1261 et
1943 1195 2145 1262 tems
2173 1203 2234 1262 et
2262 1197 2695 1264 tenemwntis²

767 1296 854 1362 in
889 1295 1306 1374 Wharroma,
1328 1296 1400 1362 K
1399 1297 1761 1384 nottynyle,
1794 1297 1969 1365 villa
1996 1297 2239 1366 Sancti
2266 1299 2599 1388 Botulpki
2620 1299 2647 1337 ⁸
2664 1325 2693 1381 ,-

771 1406 832 1464 et
877 1399 1077 1465 terris
1127 1399 1384 1465 ‘nostwle
1435 1398 1732 1466 venditi-s
1783 1399 1869 1466 in
1928 1400 2443 1489 W099etlzorpia.

679 1579 788 1659 Et,
821 1579 982 1645 dum
1027 1580 1168 1646 haec
1212 1583 1584 1666 agerentur,
1616 1580 1664 1645 J
1667 1581 1963 1648 ohannes
2006 1581 2089 1647 de
2134 1579 2485 1670 Harpham
2514 1584 2689 1650 filius
2710 1593 2849 1646 Λα),
2877 1601 3003 1648 1197

593 1681 931 1748 Godefridi
1001 1683 1083 1748 de
1131 1683 1494 1770 Hau-pham,
1565 1705 1715 1748 oum
1781 1684 1997 1750 dietus
2060 1685 2456 1752 Godefridus
2501 1692 2690 1774 pater
2708 1666 2927 1798 522,ssss-

591 1785 731 1870 ejus
782 1785 964 1872 apud
992 1807 1114 1852 nos
1144 1786 1358 1852 factus
1403 1786 1704 1852 novicius
1749 1786 2098 1852 defunctus
2144 1790 2527 1871 exstitisset,
2557 1791 2687 1857 fra-
2711 1824 2874 1876 Grant
2886 1827 3017 1880 stom

587 1888 976 1954 ternitatem
1018 1888 1360 1954 nobiscum
1407 1889 1787 1976 suscipiens,
1841 1890 2064 1954 omnia
2108 1889 2381 1956 mobilia
2412 1915 2559 1979 quse
2600 1895 2688 1960 ad
2709 1891 2850 1942 John
2874 1895 2936 1944 of

504 2052 514 2067 ‚
587 1995 845 2078 partem
894 2013 1083 2056 suam
1127 1991 1458 2079 pertinere
1513 1991 1879 2058 debuerant
1897 1991 1925 2030 ⁴
1954 1998 2113 2059 ante
2145 1992 2403 2060 obitum
2448 2017 2641 2062 suum
2659 1979 2686 2034 ⁵
2710 1958 2982 2026 Hmm‘

588 2093 778 2158 nobis
840 2094 1179 2171 concessit,
1226 2100 1296 2158 et
1340 2093 1638 2159 chartam
1683 2115 1871 2160 suam
1924 2095 2006 2160 de
2065 2096 2371 2162 omnibus
2417 2119 2567 2184 quse
2611 2100 2685 2164 in

588 2195 860 2262 Oktona
909 2195 992 2261 de
1041 2197 1230 2262 feodo
1277 2217 1396 2261 suo
1452 2195 1856 2264 habebamus
1878 2195 1905 2235 ⁰
1949 2196 2139 2264 nobis
2185 2197 2421 2266 dedit.⁷
2535 2201 2680 2282 Sed,

587 2299 730 2385 ipso
777 2305 1061 2376 mortuo,
1116 2321 1265 2366 cum
1296 2299 1344 2362 J
1346 2299 1640 2366 ohannes
1688 2301 1867 2366 filius
1913 2322 2071 2366 suus
2117 2301 2199 2367 de
2251 2302 2426 2367 dono
2474 2306 2684 2390 patris

587 2402 689 2467 sui
719 2401 767 2466 J
769 2401 1048 2467 ohannis
1092 2402 1284 2467 nobis
1315 2402 1686 2468 satisfacere
1729 2425 1866 2468 non
1895 2403 2189 2481 valeret?
2216 2427 2335 2490 pro
2386 2428 2463 2471 eo
2508 2409 2683 2494 quod

587 2505 810 2570 omnia
854 2526 1004 2592 quse
1055 2505 1142 2569 ad
1187 2526 1338 2570 eum
1389 2506 1815 2592 pertinebant
1858 2505 2017 2572 fisco
2063 2506 2496 2586 addebantur,
2531 2516 2683 2597 post

584 2607 848 2695 longam
899 2608 1408 2674 controversiam
1467 2607 1623 2674 inde
1682 2608 2001 2690 habitam,
2064 2615 2437 2676 carucatam
2498 2612 2682 2678 illam

585 2731 706 2798 pro
737 2731 869 2796 qua
898 2717 1046 2776 octo
1086 2709 1326 2776 solidos
1379 2712 1728 2776 annuatim
1768 2711 1831 2776 ei
1875 2711 2147 2778 reddere
2190 2713 2582 2781 tenebamur
2610 2717 2685 2782 in

587 2835 822 2901 puram
873 2818 942 2880 et
993 2818 1376 2901 perpetuam
1439 2814 1631 2882 nobis
1675 2815 1997 2882 concessit
2055 2815 2554 2905 eleemosynam,
2615 2825 2690 2885 et

584 2916 878 2982 chartam
931 2939 1116 2982 suam
1177 2918 1332 2983 inde
1378 2923 1447 2984 et
1491 2917 1574 2983 de
1617 2918 1887 3005 reliquis
1946 2920 2141 2985 terris
2194 2920 2443 2985 ibidem
2487 2921 2679 2987 nobis

589 3018 790 3099 dedit,
842 3024 910 3085 et
959 3020 1180 3087 decem
1227 3042 1478 3086 marcas
1521 3020 1795 3109 insuper
1846 3019 2038 3087 nobis
2089 3023 2444 3109 persolvit3
2507 3025 2679 3091 sicut

585 3124 658 3188 in
701 3128 999 3210 tempore
1019 3122 1046 3161 ⁹
1095 3122 1361 3189 Ricardi
1406 3123 1668 3189 abbatis
1737 3125 1779 3195 ’7
1833 3130 2063 3211 postea
2138 3125 2471 3193 referetur.
2583 3128 2679 3194 Et

581 3224 977 3292 Willielmus
1037 3225 1119 3292 de
1164 3227 1434 3314 Aglyon
1479 3226 1663 3292 dedit
1709 3226 1902 3293 nobis
1948 3227 2110 3293 duas
2154 3227 2435 3295 bovatas
2478 3236 2673 3297 terrae

579 3328 652 3392 in
717 3326 1126 3408 Wharroma,
1172 3351 1335 3416 quas
1397 3330 1481 3395 de
1549 3330 2073 3395 antecessoribus
2146 3331 2283 3396 suis
2344 3332 2525 3420 prius
2586 3334 2673 3398 ad
2695 3328 3016 3384 Wharroma.

578 3430 838 3495 firmam
913 3432 1314 3498 tenebamus.
1436 3431 1959 3519 Willielmusque
2036 3433 2114 3499 de
2192 3433 2675 3522 Barkethorpia
2700 3434 2865 3517 Grpat
2878 3439 3009 3490 from

578 3531 764 3597 dedit
827 3534 1019 3599 nobis
1079 3538 1292 3600 totam
1346 3540 1588 3600 terram
1653 3558 1842 3601 suam
1888 3536 1969 3601 de
2017 3535 2425 3623 Halgarth,¹⁰
2473 3538 2675 3625 juxta
2698 3501 2931 3621 {vaningi-m

577 3633 1029 3701 molendinum
1074 3637 1250 3724 quod
1295 3638 1540 3704 dicitur
1583 3636 1953 3725 Schyrreve
1980 3663 1997 3719 ;
2058 3645 2127 3704 et
2170 3644 2382 3705 totam
2427 3646 2673 3709 terram
2698 3636 2890 3703 thos-pe.

580 3758 779 3822 quam
827 3737 1064 3805 habuit
1107 3762 1150 3805 a
1177 3740 1289 3805 via
1318 3763 1468 3827 quae
1513 3740 1700 3808 ducit
1747 3742 1889 3829 [ad]
1926 3741 2295 3808 Eboracum
2341 3749 2410 3809 et
2454 3746 2673 3831 vergit

578 3862 700 3927 per
728 3839 1054 3907 Grandale
1085 3864 1290 3929 usque
1336 3844 1422 3910 ad
1464 3843 1745 3909 divisam
1786 3845 2059 3910 minoris
2080 3844 2505 3927 Wharromae‚
2536 3853 2606 3913 et
2634 3872 2677 3913 a

579 3943 781 4009 ductu
825 3966 1016 4031 aquae
1081 3967 1288 4032 usque
1353 3947 1440 4013 ad
1503 3946 1899 4014 Hevedland
1944 3946 2171 4014 Sancti
2217 3948 2264 4013 J
2267 3949 2547 4015 ohannis
2591 3946 2674 4017 de

647 4233 660 4263 ¹
698 4234 972 4283 tercentenas
994 4234 1072 4301 in]
1112 4234 1341 4299 wanting
1359 4234 1414 4283 in
1435 4236 1495 4287 P.
1737 4238 1758 4265 ⁸
1792 4234 1944 4286 After
1981 4234 2271 4287 habebamus
2310 4237 2468 4288 insert
2504 4238 2671 4299 talem,

650 4319 672 4348 ²
703 4323 751 4367 et
772 4316 1070 4382 tenementis]
1111 4316 1381 4381 acquisitis,
1409 4318 1469 4370 P.
1671 4316 1730 4367 P.

646 4398 666 4427 ⁸
699 4397 853 4447 After
873 4394 1114 4462 Botulplai
1135 4396 1292 4446 insert
1325 4406 1376 4447 et
1395 4398 1578 4448 Bovel-
1737 4398 1756 4424 ’
1790 4394 1945 4447 After
1982 4394 2117 4445 dedit
2152 4395 2325 4457 insert,
2364 4397 2563 4461 qualem
2606 4400 2671 4449 ab

581 4484 728 4537 tonae,
752 4476 812 4526 P.
1673 4474 1822 4525 initio
1844 4490 2099 4540 nunquam
2132 4476 2288 4526 ullam
2323 4476 2672 4538 habueramus,

646 4556 665 4585 ⁴
699 4554 988 4622 debuerant]
1026 4556 1288 4616 debebant,
1309 4556 1370 4608 P.
1673 4556 1732 4607 P.

647 4636 668 4665 ³
699 4642 812 4683 ante
851 4634 1028 4684 obitum
1073 4635 1237 4701 suum]
1289 4634 1580 4701 originally,
1738 4636 1758 4665 ⁸
1793 4632 1996 4700 valeret]
2034 4640 2216 4699 posset,
2238 4634 2299 4685 P.

581 4714 636 4763 in
659 4713 742 4763 die
765 4713 934 4765 obitus
965 4713 1059 4777 sui,
1092 4716 1184 4765 but
1215 4714 1404 4766 altered
1435 4730 1492 4767 as
1522 4714 1577 4765 in
1739 4716 1761 4744 ⁰
1792 4714 1945 4763 After
1969 4720 2173 4778 tempore
2195 4714 2353 4765 insert
2376 4715 2585 4777 domini,
2606 4714 2668 4768 P.

577 4799 704 4854 text,
725 4792 785 4844 P.
1746 4794 1785 4823 ¹⁰
1817 4790 2096 4857 Halqartla]
2134 4792 2453 4857 Hallegarth,
2474 4794 2534 4843 P.

2357 4888 2407 4938 X
