3519 5734
829 825 960 896 272
1438 839 1716 889 monas
1759 841 1979 890 asnis
2022 841 2331 889 rannus,

487 1017 630 1071 A.D.
655 1026 800 1073 1193.
826 1022 1168 1087 custodiam,
1227 1030 1288 1079 et
1337 1041 1474 1078 eum
1525 1023 1587 1076 in
1635 1022 1917 1077 Trivallis
1970 1022 2034 1076 in
2096 1012 2459 1076 Almannia
2515 1020 2921 1076 incarceravit.

825 1111 928 1178 De
973 1136 1224 1182 carcere
1269 1121 1493 1181 autem
1539 1115 1655 1179 illo
1687 1136 1819 1200 quo
1850 1115 2173 1180 Ricardus
2202 1113 2673 1180 intrudebatur
2700 1111 2926 1176 nullus

487 1211 798 1296 1}me0-
821 1215 892 1278 in
937 1239 1016 1282 eo
1057 1218 1326 1284 vinctus
1369 1219 1592 1304 egredi
1637 1218 2001 1283 consuevit.
2092 1217 2201 1282 Ob
2245 1238 2445 1300 quam
2476 1214 2746 1280 Ricardi
2774 1235 2925 1300 cap—

481 1287 795 1401 ffiffiffef'f
823 1318 1076 1384 tionem
1143 1326 1214 1386 et
1280 1321 1736 1386 detentionem
1802 1327 1947 1384 tam
2014 1320 2155 1384 dux
2198 1318 2491 1383 Austriae
2537 1339 2739 1402 quam
2782 1317 2924 1401 ipse

821 1419 1184 1506 imperator
1249 1445 1291 1487 a
1359 1423 1720 1489 Coelestino
1784 1443 1959 1508 papa
2020 1425 2079 1497 3,
2115 1425 2196 1484 ut
2237 1420 2606 1507 praefertur,
2652 1419 2922 1483 fuerunt

483 1528 708 1607 Bgnnom
729 1533 790 1582 of
823 1525 1392 1590 excommunicati.
1485 1525 1862 1610 Imperator
1926 1529 2168 1601 tamen,
2239 1522 2418 1608 apud
2463 1521 2943 1598 Wormaciam„

483 1595 796 1730 fflffssthe
821 1624 893 1687 in
937 1626 1229 1711 generali
1293 1627 1732 1714 parliamento
1800 1647 1936 1703 su0,
1980 1648 2197 1690 coram
2265 1645 2609 1710 procerum
2655 1643 2923 1686 suorum

487 1744 730 1794 emperor.
821 1729 1275 1807 multitudine,
1324 1729 1682 1794 Ricardum
1726 1749 1951 1815 regem
2002 1727 2089 1791 ad
2150 1726 2681 1812 respondendum
2726 1746 2924 1810 super

819 1830 948 1894 sibi
993 1831 1387 1918 opponenda
1447 1831 1784 1918 produxit.
1876 1829 2199 1894 Ricardus
2250 1850 2425 1905 vero,
2472 1827 2670 1891 hilari
2712 1827 2921 1892 fretus

821 1934 1241 2012 conscientia,
1286 1937 1384 1999 ita
1429 1935 1690 2020 objecta
1735 1932 1938 1997 diluit
2004 1937 2086 1996 ut
2128 1933 2489 2017 imperator
2530 1952 2665 1995 non
2710 1930 2921 1994 solum

821 2036 906 2099 ad
955 2037 1466 2102 misericordiam
1515 2037 1630 2102 sed
1677 2036 1882 2100 etiam
1928 2035 2013 2099 ad
2056 2035 2499 2099 reverentiam
2528 2034 2923 2098 flecteretur.

821 2137 963 2202 Ubi
1007 2143 1234 2205 tamen
1279 2139 1644 2225 imperator
1689 2138 1843 2202 duci
1872 2137 2167 2202 Austriae
2197 2137 2683 2223 quinquaginta
2710 2135 2923 2198 millia

818 2262 1187 2306 marcarum
1233 2263 1352 2328 pro
1399 2241 1602 2306 tertia
1653 2245 1846 2327 parte
1892 2262 1943 2304 c.
1990 2238 2169 2303 mille
2213 2239 2549 2316 librarum,
2594 2259 2759 2324 quas
2804 2259 2921 2323 pro

819 2342 1266 2429 redemptione
1333 2344 1542 2430 ipsius
1603 2343 1776 2430 regis
1839 2341 2107 2406 Ricardi
2168 2342 2411 2406 habere
2475 2343 2922 2427 proposuerat,

485 2459 745 2525 Attempts
821 2445 1212 2531 repromisit.
1305 2445 1582 2510 Interim
1633 2452 1880 2522 autem,
1911 2444 2193 2509 Ricardo
2240 2444 2457 2508 adhuc
2502 2445 2573 2508 in
2618 2443 2922 2509 custodia

483 2527 545 2576 οἷ
558 2528 729 2592 prinae
821 2547 1112 2626 detentO,
1171 2545 1221 2610 J
1223 2548 1516 2613 ohannes
1577 2548 1785 2613 frater
1850 2569 2009 2614 suus
2066 2549 2139 2611 in
2206 2546 2454 2632 Anglia
2521 2547 2922 2633 dignitatem

483 2593 624 2710 {3¹2¹ss
641 2603 727 2711 ttt‘z’e
819 2650 1068 2734 regiam
1136 2650 1578 2736 praeripiebat.
1671 2649 1805 2714 Sed
1873 2651 2159 2737 episcopi
2204 2655 2273 2712 et
2319 2654 2664 2734 magnates
2722 2652 2921 2712 terrae

458 2726 748 2858 'ffiffngf
817 2750 1030 2816 eidem
1091 2750 1141 2815 J
1143 2751 1390 2814 ohanni
1456 2753 1869 2830 restiterunt,
1935 2758 2003 2816 et
2066 2751 2413 2816 castellum
2480 2751 2561 2814 de
2626 2749 2923 2835 Wynde·

816 2851 1006 2917 shore
1051 2857 1119 2918 et
1164 2852 1298 2917 alia
1341 2875 1486 2939 quae
1517 2853 1562 2918 J
1566 2853 1860 2920 ohannes
1889 2853 2019 2919 sibi
2050 2855 2307 2920 seisivit
2337 2854 2409 2918 in
2441 2876 2677 2917 manus
2706 2854 2922 2939 regias

817 2951 1038 3017 invito
1111 2953 1158 3018 J
1163 2955 1420 3019 ohanne
1494 2956 1738 3020 iterum
1816 2962 2218 3043 receperunt.
2357 2956 2611 3021 Videns
2694 2962 2921 3021 autem

815 3054 862 3119 J
867 3054 1158 3120 ohannes
1223 3078 1294 3121 se
1358 3058 1678 3145 episcopis
1745 3064 1817 3124 et
1884 3059 2312 3145 magnatibus
2368 3064 2563 3123 terrae
2621 3058 2921 3123 resistere

815 3178 950 3220 non
997 3158 1230 3235 valere,
1275 3159 1683 3246 audiensque
1730 3162 2092 3227 Ricardum
2137 3183 2361 3247 regem
2407 3162 2682 3225 fratrem
2728 3182 2921 3225 suum

814 3260 1001 3326 salvo
1032 3261 1112 3325 de
1145 3284 1397 3327 carcere
1439 3285 1876 3350 egressurum,
1924 3264 1997 3329 in
2036 3264 2277 3351 Anglia
2320 3264 2501 3328 ultra
2545 3284 2678 3328 non
2724 3284 2923 3327 ausus

479 3389 699 3454 Philip’s
817 3365 1208 3428 commorari
1253 3365 1433 3450 apud
1478 3388 1698 3452 regem
1745 3366 2048 3432 Franciae
2100 3388 2168 3431 se
2212 3366 2477 3452 recepit.
2573 3364 2923 3453 Philippus

481 3457 802 3574 ffgffidgf
816 3472 1039 3531 autem
1087 3488 1206 3529 rex
1253 3465 1570 3547 Franciae,
1618 3473 1776 3531 ante
1820 3467 1867 3532 J
1870 3468 2148 3533 ohannis
2194 3469 2573 3544 adventum,
2616 3489 2921 3553 guerram

741 3563 790 3589 ”“
817 3568 891 3630 in
936 3567 1002 3630 N
1007 3569 1356 3631 ormannia
1421 3570 1712 3636 iteravit.
1807 3570 2010 3635 Unde
2076 3570 2399 3634 Ricardus
2442 3591 2562 3633 rex
2606 3570 2737 3655 ipsi
2778 3570 2921 3656 regi

820 3668 1120 3733 Franciae
1187 3670 1434 3756 viginti
1497 3672 1708 3736 millia
1770 3693 2140 3736 marcarum
2204 3672 2525 3757 promisit,
2568 3678 2649 3736 ut
2710 3677 2921 3736 terras

598 3782 630 3828 ι
820 3792 971 3835 suas
1015 3772 1494 3837 transmarinas
1540 3774 1863 3860 quamdiu
1908 3775 1983 3837 in
2042 3773 2343 3838 custodia
2401 3778 2741 3837 teneretur
2785 3793 2921 3837 non

818 3874 1256 3960 impugnaret.
1352 3874 1548 3955 Quod
1615 3882 1845 3941 tamen
1904 3877 2046 3962 ipse
2090 3898 2211 3940 rex
2258 3874 2571 3951 Franciae,
2618 3875 2921 3961 quamvis

819 3977 1029 4062 ipsam
1106 3998 1431 4042 summam
1507 3979 1595 4042 ad
1669 3979 1940 4065 plenum
2014 3978 2324 4064 exigeret,
2401 3978 2695 4063 plenarie
2784 4000 2921 4042 non

483 4090 728 4169 william,
819 4078 1216 4143 observavit.
1305 4088 1489 4142 Venit
1525 4095 1665 4143 tunc
1703 4090 1779 4143 ad
1825 4107 2030 4160 regem
2078 4080 2435 4144 Ricardum
2482 4089 2567 4142 sic
2616 4088 2921 4144 detentum
2946 4110 3011 4162 R
3032 4110 3241 4177 ffigdm

483 4156 664 4222 b²⁸h⁰p
687 4159 748 4207 of
817 4181 1236 4267 praescriptus
1281 4188 1640 4244 Willielmus
1677 4188 1935 4245 Eliensis
1974 4192 2303 4262 episcopus,
2342 4195 2580 4261 propter
2604 4189 2920 4245 insolentes
2944 4178 3043 4229 0⁰¹·
3068 4183 3225 4231 2407.

479 4222 762 4343 ffssssffioe
821 4298 1015 4336 mores
1071 4300 1210 4336 suos
1247 4282 1320 4335 ab
1355 4280 1578 4350 Anglia
1625 4279 1985 4351 jampridem
2037 4288 2329 4345 extrusus,
2387 4289 2456 4336 ut
2508 4282 2669 4351 regis
2720 4287 2923 4335 contra

820 4380 884 4419 se
945 4366 1207 4419 animum
1267 4363 1614 4435 exploraret.
1715 4364 1905 4432 Quem
1964 4383 2099 4419 cum
2168 4364 2527 4420 adumbratoe
2594 4365 2918 4419 devotionis

817 4448 1139 4519 praestigiis
1175 4464 1290 4501 non
1324 4453 1523 4519 posset
1559 4446 1855 4513 deludere,
1886 4448 2193 4519 desperata
2228 4450 2421 4521 gratia
2456 4448 2562 4503 sed
2598 4448 2920 4503 cauteriata

1469 4730 1485 4760 ¹
1513 4730 1865 4795 incarceravit]
1906 4730 2090 4794 posuit,
2116 4730 2177 4781 R.
2203 4731 2269 4780 11.
