3519 5734
1312 850 1509 902 Anffl
1553 849 1774 902 ABR-As
1819 850 2091 900 munus.
2623 835 2751 898 153

665 1023 943 1104 Gurtha‚
989 1025 1105 1110 qui
1174 1024 1472 1090 Haraldo
1531 1030 1610 1090 ut
1676 1025 1761 1089 ab
1823 1024 1964 1110 ipso
2010 1023 2180 1088 bello
2224 1043 2294 1088 se
2339 1021 2757 1088 subtraheret

664 1127 1008 1194 consilium
1069 1128 1270 1206 dedit,
1338 1135 1657 1216 praesente
1731 1149 1885 1215 rege
1959 1127 2248 1193 Hem-ico
2308 1127 2521 1213 primo
2581 1124 2759 1212 apud

666 1229 1082 1311 wodestoke,
1115 1254 1287 1298 anno
1332 1233 1521 1320 regni
1565 1232 1667 1297 sui
1714 1234 1819 1312 25,
1865 1230 2100 1296 habitu
2142 1228 2521 1295 heremitico
2564 1228 2762 1293 lorica

664 1333 947 1400 vestitus
987 1335 1073 1400 ad
1115 1335 1388 1414 nudum,
1432 1335 1681 1400 dictum
1712 1334 2087 1399 Haraldum
2131 1357 2173 1398 a
2215 1332 2438 1419 praelio
2483 1331 2762 1397 evasisse

666 1437 914 1517 vivum,
962 1459 1083 1503 nec
1127 1439 1304 1526 apud
1353 1436 1691 1503 Waltham
1734 1438 1849 1504 sed
1894 1436 2166 1503 Cestriae
2211 1457 2421 1524 nuper
2479 1434 2763 1500 affirma-

666 1540 771 1604 vit
830 1541 1177 1627 sepultum.
1287 1540 1521 1607 Noctis
1588 1541 1766 1606 enim
1809 1540 2124 1606 beneficio
2169 1539 2384 1605 dictus
2429 1537 2764 1603 Hamldus

665 1643 960 1728 graviter
1020 1644 1405 1709 vulneratus
1450 1643 1683 1709 mortis
1741 1643 2153 1730 dispendium
2203 1641 2542 1708 evadebat.
2635 1640 2765 1706 Cu·

666 1749 850 1810 ratus
893 1750 1133 1827 autem,
1166 1747 1556 1812 enormitate
1586 1747 1845 1812 sceleris
1890 1747 1993 1810 sui
2021 1750 2241 1812 mente
2287 1746 2543 1825 librata,
2592 1744 2766 1831 quod

667 1869 801 1913 non
866 1848 940 1913 in
1005 1849 1203 1914 unius
1248 1849 1533 1914 hominis
1578 1848 1686 1914 vel
1754 1849 1953 1915 unius
1997 1849 2289 1914 civitatis
2334 1848 2608 1924 excidiO,
2653 1846 2767 1912 sed

665 1951 1244 2017 innumerabilium
1288 1952 1624 2040 sanguine,
1654 1957 1721 2018 et
1767 1951 1974 2017 totius
2002 1951 2218 2038 gentis
2247 1973 2384 2017 suae
2414 1950 2721 2015 libertate
2741 1948 2760 1986 ¹

668 2059 736 2120 et
781 2054 1035 2120 excidio
1079 2054 1267 2144 regni
1312 2061 1643 2142 perpetuo,
1680 2061 1863 2120 totus
1907 2054 1994 2118 ad
2039 2054 2423 2134 lamentum,
2453 2059 2636 2120 totus
2681 2053 2768 2118 ad

667 2157 1131 2245 poenitentiam
1198 2179 1561 2240 conversuS,
1633 2159 1880 2224 divinae
1943 2181 2010 2224 se
2077 2158 2316 2245 pietati
2391 2155 2766 2236 committit,

666 2261 957 2350 insignia
1000 2261 1245 2349 regalia
1287 2263 1470 2350 pulla
1513 2267 1697 2328 veste
1742 2266 2153 2328 commutans
2219 2262 2608 2348 poenitentis
2651 2260 2767 2325 ha-

666 2361 884 2429 bitum
949 2366 1254 2453 suscepit,
1300 2365 1720 2453 primumque
1765 2365 1985 2452 palam
2042 2365 2244 2451 juxta
2291 2363 2768 2431 Doroberniam

667 2466 741 2531 in
786 2467 970 2552 cujus
993 2467 1019 2504 ²
1046 2461 1229 2555 rupis
1272 2469 1505 2554 spelaeo
1552 2469 1934 2555 comparuit,
1965 2468 2036 2531 in
2085 2489 2213 2552 quo
2245 2468 2456 2532 vitam
2493 2466 2770 2532 anacho-

669 2570 941 2636 reticam
986 2572 1269 2638 actitans
1313 2570 1635 2637 nonnulla
1677 2571 1891 2637 lustra
1919 2571 2190 2658 peregit.
2283 2569 2414 2636 Sed
2458 2570 2768 2657 quoniam

670 2673 755 2738 ad
816 2696 968 2739 eum
1030 2679 1171 2738 tam
1214 2673 1408 2760 longe
1462 2695 1659 2760 quam
1726 2694 1930 2761 prope
1997 2673 2376 2760 degentium
2438 2672 2772 2761 popularis

671 2797 807 2842 non
879 2776 1155 2842 minima
1198 2776 1571 2864 frequentia
1614 2776 1791 2843 fama
1833 2776 2160 2842 volitante
2219 2777 2439 2855 fiebat,
2484 2778 2647 2843 adeo
2696 2782 2772 2842 ut

670 2902 713 2944 a
755 2880 1150 2967 quibusdam
1195 2880 1497 2967 quisnam
1572 2884 1745 2946 esset
1791 2880 2405 2969 deprehenderetur,
2471 2882 2574 2946 sui
2637 2867 2769 2947 nfe-

670 2983 947 3049 moriam
1009 2984 1185 3071 apud
1229 3005 1337 3049 eos
1396 2982 1648 3049 auferre
1691 2984 2050 3071 satagebat.
2141 2985 2378 3051 Postea
2421 3006 2596 3063 ver0,
2654 3008 2772 3072 per
2796 2986 3054 3053 Supposed

670 3106 991 3153 annorum
1054 3086 1271 3152 multa
1332 3086 1651 3151 curricula
1729 3109 1867 3151 non
1925 3086 2117 3175 longe
2177 3110 2218 3151 a
2243 3075 2248 3080 ’
2278 3086 2538 3153 Cesti-ia
2595 3109 2768 3153 com·
2793 3056 3000 3173 2}ss²&

668 3196 897 3277 pertus
937 3194 1039 3254 est
1082 3189 1528 3255 heremiticam
1574 3189 1690 3255 diu
1736 3189 2000 3255 duxisse
2045 3189 2276 3255 vitam.
2384 3189 2771 3277 Ibidemque
2798 3189 3006 3240 chester
3026 3196 3090 3241 4⁶

669 3299 965 3383 tempore
1010 3294 1271 3380 praefati
1318 3292 1595 3359 Henrici
1640 3293 1816 3379 regis
1845 3293 2060 3380 primi,
2093 3316 2268 3358 anno
2297 3293 2484 3381 regni
2513 3294 2616 3359 sui
2665 3299 2768 3377 12,
2793 3258 3091 3375 ἶξξῗεῗὲξῗ

670 3396 922 3484 positus
965 3396 1039 3461 in
1085 3396 1417 3478 extremm,
1464 3396 1786 3462 sacerdoti
1847 3400 2240 3463 secretorum
2301 3419 2568 3463 suorum
2621 3421 2770 3464 con·
2797 3390 2857 3468 pf
2869 3390 3023 3443 Hast-

672 3500 805 3566 scio
848 3499 934 3565 ad
964 3500 1275 3565 ultimum
1320 3498 1469 3585 quis
1511 3498 1712 3565 fuerit
1744 3499 2070 3565 confessus
2100 3505 2219 3566 est.
2311 3499 2547 3588 Sicque
2576 3501 2772 3589 longo
2796 3472 2928 3522 mgs.

616 3610 631 3625 '
674 3602 877 3668 fessus
936 3603 1116 3669 senio
1161 3602 1522 3690 plenusque
1574 3602 1831 3667 dierum
1877 3602 2118 3683 obienS,
2166 3604 2542 3669 mortalium
2595 3606 2772 3671 viam

675 3704 1019 3792 ingressuS,
1069 3704 1338 3772 Cestriae
1382 3705 1456 3769 in
1484 3704 1750 3771 ecclesia
1781 3703 2009 3772 Sancti
2038 3704 2086 3771 J
2088 3706 2364 3772 ohannis
2394 3708 2773 3774 confessoris

674 3809 747 3873 in
792 3807 1124 3889 suburbio,
1172 3814 1346 3874 retro
1413 3809 1621 3874 altare
1669 3813 1828 3875 ante
1895 3810 2101 3875 altare
2147 3809 2377 3877 Sancti
2444 3812 2511 3875 N
2515 3812 2771 3893 icholai,

679 3913 976 4000 sepultus
1035 3916 1151 3977 est.
1242 3912 1437 3977 Vixit
1496 3935 1651 4000 ergo
1710 3918 1863 4001 post
1927 3920 2382 4003 conquaestum
2449 3918 2638 4003 ‚quasi
2685 3920 2768 3985 46

676 4015 885 4081 annis·
978 4014 1087 4080 Sic
1116 4012 1325 4102 igitur
1370 4014 1768 4102 imperatore
1815 4016 2101 4083 Henrico
2147 4018 2525 4106 praescripto
2564 4020 2772 4085 laten-

676 4124 777 4184 ter
822 4118 1129 4205 digresso,
1163 4117 1459 4183 Matildis
1488 4119 1878 4207 imperatrix
1914 4120 2000 4185 ad
2044 4127 2302 4209 patrem
2333 4144 2524 4187 suum
2554 4146 2775 4212 regem

678 4222 1047 4288 Henricum
1076 4223 1149 4287 in
1180 4222 1660 4288 Normanniam
1689 4223 1928 4305 rediit3
1975 4222 2092 4289 ubi
2123 4225 2257 4291 cito
2303 4230 2471 4312 post,
2503 4225 2776 4293 vivente

676 4327 909 4405 adhuc,
955 4332 1035 4391 ut
1078 4324 1477 4413 praedicitur,
1525 4326 1739 4413 priore
1793 4327 2051 4409 marito,
2098 4326 2404 4415 copulata
2447 4333 2553 4395 est
2595 4331 2773 4396 dicto

678 4428 973 4493 Galfrido
1036 4428 1486 4516 Plantagenet‚
1563 4429 1789 4494 comiti
1848 4430 2271 4518 Andegaviae,
2321 4430 2402 4496 de
2462 4454 2592 4519 quo
2637 4456 2774 4499 sus·
2801 4449 2997 4516 Saying
3018 4450 3103 4511 of,

348 4538 399 4589 J.
424 4538 651 4603 Brompt.
678 4532 851 4618 cepit
896 4530 1263 4597 Henricum
1296 4534 1354 4611 2,
1401 4532 1820 4619 postmodum
1865 4555 2086 4620 regem
2132 4534 2411 4621 Angliae.
2522 4544 2612 4599 De
2661 4546 2774 4601 isto
2801 4516 2873 4567 St.
2885 4518 3113 4567 Bemard

348 4605 445 4659 ‘²⁰¹‘
473 4611 613 4657 1⁰4⁵·
679 4633 940 4689 Henrico
975 4634 1009 4687 2
1044 4652 1187 4705 rege
1240 4634 1533 4706 quondam
1580 4634 1888 4702 infantuIO,
1945 4640 2002 4691 et
2055 4636 2119 4690 in
2167 4638 2333 4692 curia
2385 4638 2546 4709 regis
2596 4638 2775 4693 Fran·
2798 4592 3083 4718 fizgeguff

755 4812 769 4843 ¹
806 4808 1061 4879 libertate]
1100 4812 1480 4866 rendlibertatis
1494 4813 1686 4865 ruina?
1726 4814 1741 4881 Ι
1849 4815 1870 4845 ²
1901 4813 2064 4882 cnjus]
2102 4815 2218 4867 read
2241 4813 2501 4880 cuiuudam
2521 4817 2547 4867 P
