3519 5734
867 828 995 899 394
1521 842 1718 895 nuso
1761 840 1978 893 Annas
2023 840 2343 904 Qumrus,

530 1026 1035 1105 A.D.1214.papa
1078 1018 1393 1106 praefatus
1439 1019 1505 1083 N
1508 1020 1802 1085 icholaus
1865 1020 2124 1107 legatus
2189 1021 2274 1086 ab
2339 1018 2552 1085 officio
2615 1041 2752 1085 suae
2795 1020 2966 1107 lega-

526 1102 683 1217 }{oeff
707 1102 795 1220 οἷο
863 1122 1084 1203 tionis,
1149 1144 1226 1188 eo
1294 1122 1474 1208 quod
1534 1122 1754 1188 minus
1827 1127 2098 1205 strenue
2173 1127 2252 1188 ut
2325 1120 2672 1189 dicebatur
2745 1121 2968 1208 aliqua

527 1184 783 1288 Nffchbgsss.
862 1224 1067 1310 gessit
1110 1224 1185 1289 in
1228 1225 1491 1312 Anglia.
1584 1224 1789 1291 Unde
1833 1248 1968 1301 rsit,
1997 1224 2266 1313 cognito
2311 1225 2491 1311 quod
2533 1224 2592 1290 is
2626 1224 2773 1311 jam
2817 1225 2968 1291 sub-

526 1314 761 1447 {ll-{⁰5¹3
864 1331 1113 1393 tractus
1174 1327 1410 1395 suisset
1472 1350 1667 1417 super
1740 1350 1936 1414 quem
2007 1328 2148 1415 ejus
2209 1328 2472 1394 animus
2533 1349 2670 1394 non
2737 1350 2964 1416 parum

525 1450 681 1503 John.
864 1428 1191 1509 affidebat‚
1237 1430 1463 1497 mitior
1506 1437 1579 1498 et
1622 1430 1794 1497 circa
1845 1430 2148 1497 ecclesias
2215 1436 2286 1495 et
2352 1429 2662 1517 praelatos
2723 1434 2966 1496 tracta-

860 1530 1057 1598 bilior
1099 1532 1497 1614 videbatur3
1544 1556 1703 1599 mox
1744 1534 1929 1599 enim
1991 1532 2082 1599 eis
2149 1555 2347 1621 super
2406 1532 2670 1598 damnis
2734 1538 2803 1598 et
2864 1533 2964 1598 in·

851 1634 1049 1719 juriis
1092 1628 1426 1715 satisfecit,
1456 1636 1603 1703 aliis
1632 1636 2000 1725 pecuniam,
2031 1636 2179 1701 aliis
2221 1637 2519 1715 honores,
2546 1634 2962 1724 ‘dignitates'

863 1742 931 1802 et
974 1738 1332 1817 libertateS,
1376 1739 1526 1804 aliis
1568 1739 1881 1816 maneria,
1929 1739 2002 1803 in
2047 1738 2725 1827 recompensationem
2769 1737 2965 1825 largi-

863 1840 1049 1906 endo,
1136 1839 1205 1905 N
1208 1842 1561 1927 untiosque
1613 1841 1792 1908 ultra
1843 1863 2024 1908 mare
2069 1842 2156 1907 ad
2199 1842 2449 1907 dictam
2493 1832 2964 1929 Barengariam

867 1941 1387 2022 transmittebat,
1432 1944 1721 2031 gratiam
1771 1949 1840 2010 et
1885 1944 2368 2010 relaxationem
2411 1942 2500 2009 ab
2569 1943 2718 2031 ipsa
2771 1964 2964 2031 super

860 2051 1174 2132 requestu
1216 2046 1485 2133 cupiens
1528 2048 1926 2134 impetrare:
1971 2047 2086 2113 sed
2149 2046 2236 2113 ab
2298 2048 2443 2135 ipsa
2485 2046 2774 2134 gratiam
2829 2068 2966 2111 non

527 2144 693 2199 Death
706 2146 779 2263 fif
861 2150 1346 2236 assequebatur.
1438 2148 1627 2216 Infra
1688 2150 1889 2217 breve
1951 2156 2178 2216 tamen
2245 2156 2317 2216 et
2377 2150 2522 2237 ipsa
2563 2148 2966 2237 Barengaria

526 2229 809 2345 ξὲζὲἲι-ῑῖ
862 2255 964 2317 est
1008 2252 1339 2331 defuncta,
1362 2257 1440 2319 et
1484 2274 1603 2319 rex
1632 2252 1681 2318 J
1683 2252 1975 2319 ohannes
2019 2252 2104 2319 ab
2150 2251 2570 2340 Barengariae
2609 2252 2965 2319 vexatione

528 2360 741 2412 Council
763 2360 823 2412 of
861 2356 1123 2441 quietus
1198 2355 1599 2443 remanebat.
1690 2354 1952 2421 Deinde
2019 2354 2540 2442 archiepiscopus
2615 2354 2965 2421 Cantuari-

526 2428 757 2547 {ffiffff’
860 2458 1035 2524 ensis
1099 2480 1250 2525 cum
1316 2458 1491 2525 clero
1556 2457 1927 2523 Londoniis
1985 2456 2340 2523 concilim
2407 2457 2846 2539 celebrarunt,
2893 2462 2963 2523 et

463 2622 473 2633 .
525 2562 777 2641 {noval-of
860 2560 1221 2627 secundum
1283 2561 1675 2627 mandatum
1736 2559 2189 2647 apostolicum,
2240 2563 2313 2624 20
2377 2560 2485 2625 die
2551 2560 2597 2625 J
2601 2560 2742 2641 ulii,
2787 2582 2960 2625 anno

526 2630 779 2683 mmm
862 2663 1131 2729 Domini
1180 2666 1375 2745 1214,
1407 2662 1524 2749 qui
1568 2666 1714 2729 eran
1756 2684 1972 2729 annus
2015 2663 2224 2750 ipsius
2255 2662 2439 2757 „regis
2481 2662 2812 2729 Johannis
2857 2667 2958 2741 16,

858 2767 1213 2833 transactis
1240 2766 1325 2833 ab
1353 2766 1697 2833 interdicti
1724 2765 2252 2853 promulgatione
2297 2764 2490 2831 annis
2536 2768 2595 2842 6,
2629 2766 2960 2831 mensibus

524 2866 759 2924 Demand
864 2874 905 2938 3
951 2875 1023 2937 et
1060 2871 1298 2936 diebus
1346 2873 1445 2936 16.
1520 2869 1721 2936 Anno
1748 2891 1908 2936 vero
1939 2875 2254 2956 sequente
2298 2875 2449 2936 orta
2493 2875 2595 2937 est
2639 2869 2962 2936 discordia

524 2938 710 3056 ξζωᾞξ
730 3006 793 3056 of
864 2993 1105 3060 magna
1146 2973 1325 3038 inter
1368 2993 1589 3060 regem
1632 2977 1705 3038 et
1748 2993 2057 3060 proceres,
2103 2975 2225 3060 pro
2283 2993 2364 3039 eo
2409 2973 2586 3060 quod
2629 2993 2784 3038 suos
2822 2973 2960 3038 An-

525 3073 788 3190 ξιῗὲῧῗέδ·
862 3074 1156 3164 gligenss
1200 3074 1459 3162 legibus
1502 3097 1545 3140 a
1588 3075 1833 3142 Sancto
1863 3075 2193 3142 Edwardo
2223 3075 2588 3142 confessore
2629 3075 2960 3142 institutis

525 3207 721 3257 charter
740 3217 795 3258 01
864 3186 933 3245 et
998 3200 1203 3266 usque
1268 3179 1353 3245 ad
1420 3179 1563 3246 haec
1626 3183 1928 3267 tempora
1995 3179 2277 3256 usitatis,
2323 3199 2490 3266 quas
2533 3184 2604 3246 et
2645 3179 2787 3266 ipse
2841 3199 2956 3243 rex

525 3273 745 3324 liberties
766 3275 835 3340 by
860 3281 1279 3370 infringebat,
1348 3303 1484 3348 non
1544 3282 1798 3348 sinerat
1871 3282 2323 3370 congaudere3
2401 3281 2517 3370 qui
2579 3287 2651 3348 et
2709 3281 2954 3347 nullam

528 3341 703 3406 nem-y
726 3341 767 3392 1.
857 3385 1070 3472 legem
1114 3391 1357 3473 praeter
1400 3385 1505 3451 sui
1548 3385 1763 3453 cordis
1807 3385 2074 3450 libitum
2119 3407 2420 3452 exercere
2461 3385 2778 3462 curabat3
2847 3406 2955 3450 ex-

858 3488 1213 3575 igebatque
1272 3509 1394 3554 rex
1458 3511 1501 3554 a
1574 3489 1711 3554 suis
1779 3489 2168 3575 scutagium.
2279 3488 2478 3555 Unde
2543 3488 2802 3576 prolata
2859 3491 2957 3554 est

859 3589 1089 3658 charta
1150 3591 1456 3677 quaedam
1524 3590 1914 3656 libertatum
1977 3591 2064 3656 ab
2129 3591 2418 3658 Henrico
2461 3592 2678 3678 primo
2723 3591 2954 3678 Anglis

860 3715 1177 3772 concessa,
1222 3714 1421 3780 quam
1466 3693 1537 3758 in
1584 3699 1924 3780 posterum
1969 3694 2486 3761 conservandam
2548 3694 2677 3760 sibi
2723 3695 2955 3760 confir-

862 3797 1031 3868 mari
1073 3819 1115 3863 a
1156 3819 1309 3884 rege
1354 3819 1649 3884 proceres
1707 3797 1852 3883 jam
1915 3797 2082 3864 dicti
2127 3797 2572 3884 postulabant.
2665 3798 2798 3864 Sed
2839 3817 2956 3862 rex

526 3909 728 3978 Appeul
752 3930 819 3964 on
860 3899 1158 3966 inducias
1200 3901 1398 3987 petiit
1440 3899 1898 3988 respondendi,
1934 3923 2054 3988 pro
2098 3901 2195 3967 rei
2239 3902 2558 3968 novitate.
2651 3900 2956 3968 Interim-

522 3981 831 4112 εἴξξέἑῖᾓ·
860 4025 987 4091 que
1048 4004 1233 4069 misit
1294 4026 1414 4070 rex
1481 4003 1570 4069 ad
1632 4025 1962 4070 summum
2029 4004 2410 4091 pontificem
2476 4003 2672 4092 quod,
2733 4009 2958 4071 contra

856 4107 1248 4173 fidelitatem
1293 4106 1661 4195 pristinam,
1709 4129 2006 4193 proceres
2059 4107 2212 4194 jam·
2247 4108 2466 4195 parati
2511 4114 2702 4174 erant
2745 4108 2954 4173 insur-

857 4232 1009 4297 gere
1052 4215 1282 4276 contra
1326 4231 1495 4276 eum.
1586 4209 1918 4276 Miserunt
1979 4215 2052 4276 et
2113 4211 2259 4298 ipsi,
2304 4233 2422 4298 pro
2465 4217 2656 4298 parte
2698 4233 2831 4292 sua,
2873 4212 2955 4276 de

857 4313 1125 4399 injustis
1192 4312 1645 4379 exactionibus
1708 4317 1778 4378 et
1843 4313 1986 4399 ejus
2051 4315 2410 4400 tyrannide
2475 4320 2954 4402 conquerentes.

524 4428 655 4482 Acts
676 4431 736 4482 of
860 4415 1185 4482 Plurimos
1229 4415 1473 4502 quippe
1518 4415 1766 4501 absque
1807 4415 2058 4500 judicio
2105 4438 2448 4504 procerum
2509 4417 2952 4484 exheredavit.

524 4504 745 4630 32}ss
860 4519 1155 4586 Uxorem
1200 4517 1427 4583 fratris
1468 4518 1576 4584 sui
1616 4517 1899 4584 Gala-idi
1957 4517 2102 4604 jam
2169 4521 2417 4586 mortui
2465 4497 2601 4608 ‘pro
2663 4521 2958 4588 libidinis

521 4632 721 4696 against
748 4631 835 4684 the
856 4621 1059 4688 libitu
1100 4619 1565 4708 frequentavit.
1658 4620 1920 4686 Uxores
1981 4631 2052 4687 et
2094 4621 2263 4688 filias
2313 4623 2639 4690 nobilium
2684 4623 2956 4690 deflora-

522 4699 665 4764 king.
858 4724 999 4793 vitz
1046 4724 1339 4792 foeminae
1382 4723 1551 4790 nulli
1596 4723 1834 4790 saltem
1880 4726 2172 4812 pepercit
2232 4748 2430 4813 quam
2483 4749 2620 4796 suae
2661 4727 2957 4794 libidinis
