3519 5734
1113 821 1539 872 ALEXANDER
1583 821 1799 872 ABBAS
1844 822 2180 882 QUARTUS.
2566 807 2701 876 :337

589 993 840 1049 manniae
894 999 956 1050 ct
1007 995 1298 1063 'rm-oniae,
1339 995 1712 1052 adhaeserunt
1762 995 2045 1061 Arthuro,
2086 994 2405 1052 secundum
2458 1013 2698 1051 consue·
2728 999 3017 1056 A.D.1199

591 1079 858 1133 tudinem
893 1085 1068 1134 tcrrae
1105 1079 1300 1146 illius3
1355 1081 1456 1135 ubi
1493 1080 1650 1136 filius
1700 1079 1903 1136 fratris
1956 1079 2204 1136 senioris
2242 1079 2506 1136 succedit
2538 1080 2695 1152 patri
2720 1074 2904 1120 -1216.

591 1163 640 1216 si
679 1163 1106 1234 primogenitus
1143 1163 1378 1220 decedit
1431 1164 1557 1220 sine
1601 1163 1863 1220 herede.¹
1935 1163 2277 1220 Constantia
2311 1180 2451 1220 vero
2486 1165 2697 1219 relicta
2719 1161 2917 1262 200PPY

586 1245 844 1302 &alfridi
897 1265 964 1303 ac
1019 1249 1323 1305 comitissa
1370 1248 1696 1304 Britanniae
1755 1247 2003 1304 tradidit
2057 1247 2385 1303 custodiam
2436 1247 2547 1303 filii
2599 1249 2695 1304 sui
2777 1228 2913 1277 ¹¹³⁰¹²⁶

587 1329 838 1386 Arthuri
871 1349 1095 1388 necnon
1129 1338 1190 1389 et
1222 1332 1566 1390 hereditatis
1593 1350 1714 1388 suae
1735 1333 1869 1404 regi
1899 1330 2182 1388 Franciae.
2256 1331 2374 1388 Sed
2398 1331 2439 1386 J
2440 1331 2693 1390 ohannes

587 1423 705 1478 cito
741 1424 1033 1480 subvertit
1069 1424 1523 1481 Cenomanniam
1561 1424 1701 1496 quia
1723 1424 2053 1481 adhaeserat
2085 1425 2369 1491 Arma-o,
2410 1421 2481 1482 et
2510 1417 2694 1483 misit

590 1515 974 1582 Hubertum
1040 1517 1598 1606 archiepiscopum
1645 1517 2191 1584 Cantuariensem
2236 1517 2311 1582 in
2354 1517 2689 1606 Angliam,

545 1625 550 1630 '
587 1619 675 1683 ad
705 1620 1131 1686 tractandum
1162 1626 1232 1686 et
1261 1620 1786 1708 componendum
1817 1619 1900 1685 de
1929 1620 2310 1686 necessariis
2339 1620 2410 1685 in
2442 1621 2689 1687 eadem.

245 2351 294 2401 R
342 2353 558 2419 lligden,

246 2422 344 2468 col.
372 2431 430 2470 24
449 2429 517 2472 1⁴.

243 3213 457 3268 Ibidem.

589 1727 836 1798 Deinde,
885 1725 972 1788 20
1018 1723 1124 1789 die
1168 1729 1320 1811 post·
1363 1721 1563 1788 funus
1607 1722 1849 1802 fmtris,
1897 1731 1961 1786 in
1994 1731 2241 1798 Pascha,
2268 1731 2563 1788 accinctus
2600 1739 2693 1788 est
2716 1739 2857 1792 John
2879 1741 2983 1808 girt

587 1831 786 1900 gladio
835 1833 1081 1890 ducatus
1132 1834 1510 1890 Normanniae
1545 1831 1702 1904 apud
1735 1832 2191 1904 Rothomagum‚
2240 1845 2357 1910 pel·
2421 1846 2691 1909 manum
2705 1807 2963 1926 xghrdffiss

589 1923 866 1991 Walteri
896 1927 1363 2015 archiepiscopi
1396 1926 1688 2012 ejusdem
1722 1925 2021 1991 civitatis
2047 1950 2064 2006 ;
2098 1925 2485 2012 juravitque
2515 1927 2691 2012 quod
2717 1941 2801 1991 the
2824 1943 2993 2008 duchy

587 2028 924 2094 ecclesiam
969 2035 1268 2096 sanctam
1315 2035 1382 2096 et
1427 2028 1830 2116 dignitatem
1874 2027 2015 2113 ejus
2060 2034 2353 2094 servaret
2396 2028 2687 2107 illaesam,
2714 2008 2924 2142 3ξέἕῖ

584 2136 962 2218 rectamque
1018 2133 1356 2219 justitiam
1423 2135 1772 2210 exerceret,
1818 2130 2197 2216 legibusque
2263 2131 2511 2216 iniquis
2577 2132 2688 2197 de-

583 2235 852 2300 structis
895 2235 1102 2302 bonas
1145 2236 1543 2301 institueret.
1633 2232 1995 2320 Applicans
2046 2233 2249 2298 etiam
2306 2233 2381 2298 in
2444 2234 2690 2321 Anglia
2714 2247 2813 2296 and
2830 2261 3024 2298 crovu-

585 2345 646 2399 in
695 2345 1054 2402 Ascensione
1107 2344 1348 2401 Domini
1399 2353 1708 2400 coronatus
1738 2339 1809 2401 et
1852 2335 2167 2399 inunctus
2202 2348 2295 2398 est
2344 2343 2408 2398 in
2459 2361 2683 2415 regem,
2712 2313 3012 2446 {3:535de

583 2437 739 2508 apud
796 2439 1402 2502 westmonasterium,
1459 2453 1566 2508 per
1629 2453 1870 2492 manum
1928 2435 2189 2491 Huberti
2248 2435 2686 2493 Cantuariensis

585 2530 1027 2603 archiepiscopi.
1117 2529 1245 2600 Quo
1295 2529 1392 2584 die
1445 2520 1584 2606 ipse
1636 2545 1741 2582 rex
1796 2528 1835 2582 J
1837 2527 2090 2583 ohannes
2141 2526 2283 2582 fecit
2332 2520 2683 2604 praefatum

584 2621 921 2677 Hubertum
957 2638 1085 2678 esse
1137 2639 1310 2677 suum
1360 2620 1791 2677 cancellarium.
1868 2619 1983 2674 Cui
2018 2617 2089 2674 dc
2124 2619 2235 2674 hoc
2283 2620 2470 2676 officio
2506 2621 2685 2678 nimis
2710 2616 2920 2676 Hubert,

582 2706 951 2776 postmodum
976 2705 1252 2776 glorianti
1287 2705 1371 2759 ait
1405 2703 1677 2776 quidam:
1722 2707 1761 2732 “
1782 2703 2050 2769 Domine,
2075 2721 2191 2758 non
2227 2703 2403 2759 debes
2440 2705 2683 2777 gloriari
2706 2684 3009 2803 ἓῗέἓξιῖἲΐξ)

589 2792 626 2816 “
665 2788 737 2843 do
775 2787 1106 2846 servitute.²
1172 2788 1525 2846 Audivimus
1579 2789 1737 2846 enim
1791 2787 1863 2843 de
1913 2787 2261 2842 cancellario
2297 2788 2682 2862 archiepiscof
2707 2818 2851 2883 bury,
2876 2821 3020 2871 made

589 2884 628 2910 ‘⁴
666 2900 809 2954 pum
858 2883 1097 2948 factum,
1152 2882 1258 2939 sed
1291 2900 1407 2937 non
1457 2900 1490 2937 e
1533 2879 1907 2938 contrari0.'’³
1980 2871 2148 2939 Cum
2214 2878 2439 2938 autem
2505 2875 2681 2941 idem
2708 2884 3009 2938 chancellor.

587 2972 634 3037 J
636 2974 928 3040 ohannes
973 2997 1248 3063 regnare
1291 2975 1659 3061 incepisset,
1707 2974 2057 3061 singularis
2125 2974 2481 3042 insolentia
2531 3000 2683 3043 eum

584 3076 1017 3163 compellabat
1063 3078 1280 3163 plures
1325 3077 1642 3162 quasdam
1686 3075 2186 3142 insolentiarum
2217 3080 2685 3165 perversitates

585 3180 850 3266 operari.
935 3188 1082 3243 Post
1129 3189 1258 3254 hoc,
1301 3194 1504 3245 contra
1546 3188 1740 3243 natale
1792 3186 1991 3243 Sancti
2044 3187 2083 3243 J
2085 3188 2348 3255 ohannis,
2402 3191 2683 3247 transfre—
2706 3188 2846 3267 John
2864 3204 2985 3253 goes

581 3292 732 3346 tavit
788 3282 1106 3369 praefatus
1174 3291 1213 3347 J
1215 3291 1470 3346 ohannes
1527 3308 1632 3345 rex
1695 3291 1759 3345 in
1816 3288 2239 3345 Nox-manniam
2298 3282 2385 3347 ad
2458 3305 2677 3371 regem
2703 3256 2970 3388 ssssgf'r‘

583 3383 877 3451 Franciae
909 3383 1371 3451 debellandum
1416 3434 1431 3448 .
1477 3434 1492 3449 .
1539 3433 1556 3451 .
1600 3391 1802 3463 Gaptae
1839 3395 1979 3447 sunt
2004 3389 2229 3449 tamen
2264 3398 2491 3467 treugae
2527 3395 2681 3450 inter
2704 3390 2806 3438 and
2826 3390 3000 3440 makes

580 3488 756 3574 iPSOS
799 3514 974 3568 ‘0808
1010 3495 1244 3568 Angliae
1287 3500 1349 3550 et
1395 3494 1662 3551 Franciae
1711 3511 1781 3549 ac
1826 3494 2161 3565 juramento
2210 3501 2271 3551 et
2318 3497 2537 3568 scripto
2584 3497 2681 3551 fir·
2704 3456 3023 3587 pfflgvgitguf

577 3595 766 3654 matae,
796 3587 970 3661 quod,
999 3590 1130 3661 quis
1153 3588 1390 3643 illorum
1423 3587 1589 3659 prius
1612 3604 1818 3658 pacem
1840 3588 2004 3643 illam
2028 3587 2393 3659 infringeret,
2411 3587 2677 3645 homines
2701 3588 2911 3640 Franee-

574 3682 738 3737 illius
775 3681 848 3736 de
884 3694 1005 3737 sua
1040 3680 1318 3737 fidelitate
1355 3680 1799 3736 absolverentur
1851 3686 1911 3737 et
1964 3681 2041 3735 ad
2086 3681 2268 3735 alium
2302 3698 2505 3752 regem
2542 3700 2677 3737 con-

573 3788 963 3839 verterentur.
1041 3773 1188 3854 Quo
1232 3777 1445 3859 pacm,
1479 3798 1614 3837 cum
1651 3781 2021 3853 postmodum
2060 3780 2099 3836 J
2100 3781 2353 3837 ohannes
2389 3800 2493 3838 rex
2528 3783 2677 3837 occi-

573 3883 739 3940 deret
774 3875 1122 3962 praefatum
1158 3883 1488 3939 Arthurum
1521 3888 1795 3953 nepotem
1842 3900 2032 3948 suum,
2070 3900 2175 3937 rex
2210 3882 2473 3938 Franciae
2508 3900 2677 3938 occu-

573 3984 736 4055 pavit
773 4027 788 4042 .
831 4028 845 4041 .
890 4027 904 4041 .
943 3991 1131 4042 terras
1185 3984 1604 4042 transmarinas
1639 3974 1905 4060 praefati
1968 3974 2015 4039 J
2017 3974 2297 4039 ohannis
2358 3975 2548 4061 regist,
2595 3981 2673 4040 ut

573 4084 803 4163 postea
845 4078 1182 4144 reseretur.
1273 4086 1406 4141 Hoc
1444 4102 1676 4157 quoque
1713 4102 1863 4139 anno
1886 4078 2397 4140 comes'Flandriae
2435 4084 2672 4140 devenit
2696 4080 3007 4203 {aggregata

515 4251 532 4269 ·
573 4189 745 4244 homo
780 4190 974 4262 legius
997 4190 1160 4262 regis
1186 4188 1226 4244 J
1227 4188 1504 4253 ohannis3
1545 4191 1605 4242 et
1626 4205 1731 4242 rex
1753 4186 2017 4242 Franciae
2043 4187 2183 4242 fecit
2217 4178 2671 4265 praescriptum
2697 4216 2815 4267 does
2835 4220 2926 4268 ho,

573 4282 901 4338 Arthurum
949 4284 1220 4349 militem,
1273 4280 1609 4352 accipiendo
1659 4280 1732 4335 ab
1782 4280 1887 4335 illo
1939 4278 2280 4352 homagium
2332 4298 2441 4351 pro
2492 4283 2668 4337 terris
2694 4298 2841 4348 mage
2862 4292 2917 4337 to

572 4365 952 4438 Andegavioe,
1006 4366 1432 4431 Oenomanniae,
1489 4364 1789 4429 Pictaviae,
1844 4363 2135 4429 Turoniae‚
2187 4363 2507 4421 Britanniae
2559 4366 2665 4421 mi·
2692 4349 2847 4402 'khu-

641 4660 654 4690 ⁸
690 4656 886 4725 herede]
923 4657 1044 4720 filio,
1064 4658 1127 4710 R.
1150 4658 1220 4709 H.
1541 4638 1566 4655 ⁶
1733 4658 1754 4687 ⁸
1786 4655 2056 4721 contr-ario]
2094 4670 2351 4709 converso.

635 4739 658 4771 ²
687 4738 943 4805 servitute]
973 4738 1102 4803 jugo
1124 4736 1381 4790 servitutis
1389 4775 1404 4800 ,
1421 4737 1485 4789 R.
1499 4735 1568 4787 Η.

2355 4831 2407 4880 Y
