3519 5734
1063 845 1486 898 naman
1529 843 1748 896 ABBAS
1792 845 2125 906 omarus.
2510 833 2634 895 351

546 1017 800 1086 Scocioe3
835 1025 898 1076 et
919 1017 1134 1076 occidit
1155 1019 1484 1074 Arthurum
1507 1018 1698 1074 filium
1723 1018 1979 1074 Galfridi
2014 1019 2214 1076 fratris
2238 1019 2333 1076 sui
2370 1019 2637 1084 senioris,
2666 1029 2804 1080 AJ),
2839 1035 2959 1081 ¹199

542 1104 776 1160 comitis
827 1103 1167 1169 Britannioe,
1224 1103 1329 1174 qui
1377 1107 1512 1174 post
1560 1102 1788 1159 dictum
1837 1102 2159 1158 Ricardum
2209 1119 2461 1174 regnum
2503 1103 2641 1174 jure
2665 1102 2849 1149 -1216.

540 1186 896 1244 hereditario
931 1187 1174 1244 sortitus
1199 1187 1445 1254 fuisset3
1485 1191 1548 1243 et
1570 1203 1831 1242 sororem
1854 1186 2000 1242 dicti
2022 1185 2275 1242 Arthuri
2298 1187 2639 1241 Alienoram
2664 1176 2845 1227 throne
2868 1177 2939 1242 by

541 1272 699 1344 apud
733 1273 1114 1345 Brystolliam
1149 1277 1433 1344 perpetuo
1468 1272 1692 1328 carceri
1723 1271 2099 1343 mancipavit,
2127 1289 2259 1342 quoe
2282 1271 2439 1327 infra
2459 1270 2639 1326 breve
2666 1243 2821 1294 δώῃ·

543 1356 760 1412 ibidem
795 1357 960 1413 obiit.
1034 1356 1206 1414 Unde
1241 1373 1345 1411 rex
1391 1355 1658 1412 Franciae
1703 1355 1903 1428 ipsum
1941 1353 1981 1410 J
1983 1353 2269 1411 ohannem
2304 1355 2380 1411 ad
2415 1355 2641 1413 curiam
2667 1359 2981 1423 Occupation

545 1457 712 1497 suam
779 1440 1030 1505 vocavit,
1101 1457 1280 1512 super
1347 1444 1538 1496 morte
1595 1438 1831 1512 praefati
1889 1437 2139 1496 Arthuri
2196 1457 2635 1512 responsurum.
2668 1426 2730 1476 ΟΥ
2742 1425 2830 1477 ⁰¹0

547 1523 682 1590 Sed,
721 1541 867 1596 rege
903 1523 944 1580 J
945 1524 1168 1580 ohanne
1215 1523 1292 1578 ad
1324 1522 1687 1578 vocationem
1739 1523 1901 1594 regis
1952 1523 2215 1580 Francia
2258 1525 2461 1580 venire
2510 1542 2643 1580 con·
2666 1493 2933 1624 ἔξεὲξω

542 1613 856 1673 temnente,
908 1623 1013 1662 rex
1064 1605 1328 1662 Franciae
1376 1605 1819 1674 Normanniam,
1865 1607 2251 1674 Britanniam,
2290 1607 2639 1674 Pictaviam,
2668 1627 2739 1706 by
2760 1627 2848 1677 the

424 1712 437 1725 ·
543 1690 971 1762 Andegaviam,
1012 1689 1488 1754 cenomanniam,
1527 1690 1865 1756 Turoniam,
1904 1695 1967 1747 et
2012 1708 2213 1747 omnes
2260 1698 2449 1748 terras
2496 1709 2643 1764 quas
2668 1691 2796 1758 kmg
2816 1693 2877 1744 of

543 1775 774 1849 praefati
809 1775 851 1831 J
851 1775 1108 1831 ohannes
1143 1779 1206 1831 et
1237 1773 1538 1830 Arthurus
1573 1773 1638 1828 in
1671 1774 1937 1846 partibus
1986 1775 2393 1832 transmarinis
2427 1776 2646 1832 habue-
2668 1759 2881 1813 Fm'oe·

544 1865 696 1927 rant,
747 1865 964 1933 praeter
1016 1857 1386 1924 Gasconiam,
1437 1859 1763 1930 occupavit.
1850 1857 1981 1915 Nec
2028 1865 2164 1930 post
2210 1859 2363 1914 illud
2411 1865 2645 1932 tempus

544 1951 720 2001 terrae
752 1945 900 2016 ipsae
935 1943 1011 1999 ad
1044 1943 1471 2016 possessionem
1505 1959 1718 2014 regum
1739 1941 1979 2016 Angliae
2012 1943 2334 2000 redierunt.
2408 1943 2641 2012 Postea,

551 2029 692 2102 quia
741 2047 848 2084 rex
897 2026 938 2083 J
939 2027 1193 2084 ohannes
1250 2027 1614 2099 Stephanum
1664 2025 1738 2083 de
1798 2027 2105 2100 Langtona
2162 2028 2645 2085 cantuariensem
2667 2017 2915 2097 Ῑξὶΐθῐᾶῑῦ·

546 2111 1048 2185 archiepiscopum
1082 2110 1158 2167 ad
1193 2111 1395 2166 sedem
1445 2127 1614 2166 suam
1665 2109 1974 2166 admittere
2008 2110 2217 2178 noluit,
2256 2117 2319 2168 et
2353 2112 2494 2183 quia
2526 2113 2646 2184 pri·
2668 2093 2775 2201 ἵξῃ
2798 2085 2860 2202 οἱ
2894 2153 2911 2201 l

547 2214 710 2252 orem
743 2201 806 2252 et
837 2199 1190 2253 conventum
1215 2194 1667 2250 Cantuarienses
1693 2213 1729 2250 a
1751 2195 1989 2267 proprio
2012 2196 2365 2252 monasterio
2400 2197 2641 2270 expulit,
2671 2168 2983 2284 ofesszgl’ngd

547 2297 748 2337 eorum
782 2279 935 2336 bona
967 2279 1232 2351 diripuit,
1273 2285 1334 2334 et
1367 2278 1648 2338 nonnulla
1691 2279 1811 2334 alia
1856 2279 2069 2334 darnna
2114 2280 2376 2336 ecclesiae
2412 2279 2526 2336 Dei
2560 2281 2647 2337 in·
2671 2287 2773 2336 and
2792 2285 2979 2338 Wales.

549 2365 702 2431 tulit,
741 2363 1118 2420 Innocentius
1153 2380 1308 2436 papa
1346 2367 1532 2419 totam
1566 2361 1847 2433 Angliam
1885 2367 1946 2418 et
1978 2362 2257 2419 Walliam
2292 2365 2649 2435 generaliter

547 2449 865 2513 interdixit,
921 2448 1006 2504 ita
1062 2453 1132 2504 ut
1189 2447 1344 2503 ostia
1401 2445 1783 2502 ecclesiarum
1842 2444 2276 2512 clauderentur,
2330 2449 2649 2504 missarum

549 2531 810 2589 solennia
841 2531 1390 2594 intermitterentur,
1431 2534 1492 2585 et
1545 2529 1865 2601 sepulturas
1918 2529 2074 2585 infra
2126 2531 2419 2588 cimiteria
2450 2531 2649 2604 prohi-

547 2615 823 2672 berentur
839 2639 855 2672 ε
909 2619 972 2671 et
1018 2613 1256 2670 duravit
1307 2611 1646 2682 hujusmodi
1697 2613 2081 2670 interdictum
2130 2631 2168 2670 a
2216 2615 2367 2672 festo
2407 2615 2650 2678 Annun-

548 2698 808 2756 tiationis
831 2697 1173 2763 Dominicis,
1199 2713 1350 2754 anno
1375 2697 1615 2752 Domini
1639 2696 1826 2764 1208,1
1849 2715 2039 2769 nsque
2074 2697 2137 2754 in
2170 2716 2389 2755 annum
2410 2699 2648 2757 Domini

549 2783 710 2849 1214,
747 2784 874 2838 fere
907 2781 946 2837 ¹7
979 2781 1165 2838 annis.
1237 2780 1368 2838 Nos
1413 2786 1613 2836 tamen
1657 2781 1722 2837 in
1768 2781 2123 2838 monasterio
2168 2789 2386 2851 nostro,
2437 2789 2499 2841 et
2544 2785 2648 2840 alii
2672 2781 2862 2864 Divine

549 2867 802 2939 exempti
837 2873 898 2923 et
929 2863 1313 2938 privilegiati,
1341 2871 1465 2922 toto
1499 2865 1605 2921 illo
1639 2870 1922 2938 tempore,
1960 2865 2179 2923 clausis
2210 2866 2429 2940 januis,
2454 2867 2650 2925 exclu-
2674 2865 2865 2903 ⁸⁹”100
2888 2851 2943 2901 ¹¹²

549 2952 749 3025 sisque
773 2950 1284 3007 excommunicatis
1316 2956 1379 3006 et
1399 2950 1752 3017 interdictis,
1780 2950 1983 3006 divina
2016 2951 2207 3007 officia
2238 2953 2648 3009 consuevimus
2673 2918 2903 3036 32³²?sp

547 3035 878 3101 celebrar03
933 3050 1044 3090 neo
1095 3040 1294 3090 tamen
1345 3034 1568 3089 mortui
1613 3034 1803 3090 nostri
1852 3034 1917 3091 in
1964 3034 2257 3091 cimiterio
2307 3042 2509 3093 nostro
2551 3037 2650 3092 vel
2675 3062 2787 3115 The
2809 3078 2971 3116 m

547 3120 806 3176 claustro
841 3136 950 3175 seu
983 3116 1118 3174 aliis
1153 3118 1300 3175 locis
1337 3118 1632 3174 consuetis
1669 3118 1910 3174 fuerunt
1942 3120 2237 3175 tumulati.
2314 3120 2435 3176 Sed
2454 3127 2652 3178 tamen
2674 3136 2783 3196 teu-y
2797 3131 2983 3183 closed.

549 3202 818 3259 dominus
867 3200 1198 3258 Asketillus
1251 3200 1431 3257 abbas
1485 3200 1560 3257 de
1609 3200 1947 3274 Hoveday,²
1979 3202 2085 3258 vii.
2130 3203 2401 3260 monachi
2440 3206 2647 3272 nostri,

547 3287 812 3343 novicius
847 3303 1020 3353 unus,
1061 3286 1330 3342 conversi
1365 3285 1506 3351 xvi„
1546 3284 1820 3342 sacerdos
1870 3284 2127 3359 quidam,
2164 3304 2389 3344 necnon
2441 3294 2502 3345 et
2548 3289 2651 3345 alii
2677 3290 2853 3341 Places
2877 3282 2940 3343 of

547 3370 848 3443 probiores
912 3369 1100 3426 nostri
1170 3369 1514 3435 familiares,
1571 3370 1637 3425 in
1687 3372 1949 3443 pomerio
2000 3377 2203 3427 nostro
2260 3372 2336 3429 ad
2386 3371 2651 3429 dextram
2674 3358 2852 3409 burm·
2945 3410 2951 3416 -

546 3472 755 3511 versus
779 3452 1063 3519 austrum,
1097 3454 1269 3526 juxta
1288 3472 1526 3509 murum
1559 3459 1860 3511 terrenum
1896 3454 2053 3527 quod
2087 3456 2275 3512 ambit
2307 3457 2653 3514 orientalem

549 3544 611 3594 et
655 3538 1043 3594 meridianam
1095 3543 1328 3609 partem
1383 3538 1729 3594 monasterii
1785 3538 1992 3605 nostri,
2056 3538 2297 3597 fuerunt
2352 3542 2648 3598 tumulati.

547 3620 704 3679 Nam
737 3622 956 3694 reliqui
1009 3620 1330 3677 familiares
1381 3623 1567 3678 nostri
1621 3626 1683 3677 et
1730 3622 1939 3677 famuli
1989 3640 2059 3679 ac
2112 3624 2216 3679 alii
2250 3624 2432 3681 vicini
2466 3627 2653 3682 nostri

548 3712 716 3763 extra
748 3706 1030 3762 terminos
1065 3705 1425 3772 monasterii,
1453 3722 1527 3761 ex
1561 3704 1827 3777 opposito
1849 3705 1967 3761 loci
2002 3704 2107 3763 ubi
2142 3710 2372 3780 capella
2392 3709 2455 3765 in
2478 3710 2654 3767 bosco

549 3792 820 3855 situatur,
859 3790 924 3845 in
957 3789 1088 3845 loco
1123 3794 1264 3845 tunc
1285 3794 1454 3845 vasto
1483 3789 1659 3844 modo
1693 3806 2021 3857 nemoroso,
2048 3808 2234 3863 prono
2268 3797 2331 3848 et
2366 3794 2653 3865 quadran-

551 3874 774 3946 gulato,
811 3874 974 3929 ultra
1007 3874 1292 3929 fossatum
1341 3879 1404 3929 et
1449 3888 1634 3945 prope
1680 3880 1937 3944 pontem,
1977 3891 2015 3930 a
2048 3875 2304 3932 sinistris
2350 3882 2653 3933 transeun-

549 3958 708 4016 tibus
743 3958 819 4014 ad
852 3954 1374 4029 Nortligrangiam,
1401 3963 1578 4013 terrae
1601 3957 1807 4013 traditi
1842 3958 2098 4026 fuerunt,
2136 3960 2241 4015 ubi
2277 3977 2421 4016 crux
2454 3962 2655 4034 lignea
2677 3960 2709 4013 fi
2736 3966 2801 4013 38
2824 3960 2871 4014 b.

551 4048 748 4099 erecta
781 4047 909 4098 erat
941 4041 1006 4097 in
1040 4041 1276 4113 signum
1313 4040 1651 4114 sepulturoe.
1725 4040 1873 4099 Post
1905 4042 2065 4114 quod
2098 4042 2478 4101 interdictum
2508 4044 2653 4117 pub-
2676 4051 2932 4105 confisca-

548 4127 810 4194 licatum,
847 4142 954 4181 rex
988 4124 1176 4181 iratus
1215 4124 1490 4181 continuo
1523 4123 1923 4197 possessiones
1960 4132 2023 4183 et
2055 4127 2322 4185 redditus
2358 4128 2653 4201 episcopo—
2676 4118 2869 4199 ¹50³‚0f
2882 4136 2965 4201 ‚00-

551 4228 682 4266 rum
721 4216 782 4267 et
813 4208 1233 4281 religiosorum
1257 4212 1318 4265 et
1339 4208 1590 4265 aliorum
1615 4210 2151 4268 ecclesiasticorum
2184 4228 2293 4285 per
2312 4213 2651 4271 universam
2676 4186 2977 4239 “mmm

550 4294 830 4367 Angliam
887 4294 1244 4359 confiscavit,
1301 4298 1364 4349 et
1413 4310 1522 4364 per
1572 4294 1811 4367 singula
1867 4296 2238 4363 monasteria,
2290 4298 2545 4371 collegia
2590 4302 2653 4355 et
2674 4260 2927 4385 {3⁰32ss

551 4379 826 4435 universa
877 4377 1224 4435 clericorum
1277 4374 1426 4443 loca,
1484 4378 1758 4434 custodes
1812 4378 2136 4451 deputavit,
2188 4382 2291 4454 qui
2336 4382 2647 4456 episcopis,

553 4463 784 4520 clericis
839 4468 901 4519 et
951 4462 1270 4533 religiosis,
1333 4462 1701 4535 solummodo
1764 4463 1921 4520 unde
1978 4464 2182 4522 vivere
2231 4474 2469 4537 possent
2518 4486 2651 4524 con·

555 4548 877 4619 signarent,
915 4554 977 4604 et
1010 4547 1316 4604 residuum
1348 4552 1742 4619 proventuum
1777 4548 1971 4605 bursae
2023 4550 2207 4621 regioe
2261 4558 2647 4619 reservarent,

622 4770 638 4801 ¹
673 4776 722 4819 et
740 4767 942 4819 duravit
957 4768 1190 4832 repeated
1208 4764 1268 4817 in
1287 4766 1403 4821 MS.
1593 4764 1606 4835 Ι
1714 4767 1737 4798 ²
1768 4764 2033 4834 Hoveday]
2058 4769 2318 4832 Hovedoe,
2338 4769 2395 4821 in
2416 4769 2652 4839 Non-ny.
