3519 5734
855 845 985 912 296
1373 859 1798 912 amman
1840 859 2058 912 ABBAS
2101 859 2434 924 QUARTUS.

519 1035 810 1093 A-D·119⁷
857 1034 1377 1123 archiepiscopus
1419 1035 1505 1102 ab
1566 1035 1683 1101 fflo
1737 1033 2108 1122 justitiario
2150 1034 2644 1122 impetraverat,
2688 1033 2951 1099 demon·

515 1109 700 1157 ‘¹²¹⁰‘
857 1138 1114 1205 stravit.
1207 1137 1408 1204 Unde
1437 1159 1573 1219 rent,
1603 1137 1897 1204 sentiens
1924 1159 2039 1224 per
2066 1137 2287 1225 ipsum
2308 1136 2858 1225 archiepiscopum
2886 1157 2957 1201 se

857 1262 998 1308 esse
1045 1241 1409 1328 deceptum,
1428 1241 1693 1306 iterum
1741 1240 2107 1306 vicecomiti
2157 1240 2549 1306 Eboracensi
2592 1238 2958 1319 mandavit,

857 1348 939 1409 ut
983 1343 1292 1408 abbatem
1338 1343 1794 1409 Alexandrum
1840 1347 1911 1408 et
1952 1363 2104 1408 suos
2146 1364 2374 1429 pacem
2418 1342 2659 1407 habere
2700 1341 2953 1418 faceret,

859 1467 980 1512 nec
1041 1445 1334 1532 aliquam
1395 1444 1765 1510 molestiam
1824 1444 1934 1510 vel
2006 1443 2431 1510 vexationem
2490 1441 2799 1521 inferret,¹
2867 1447 2956 1520 et,

859 1549 918 1613 si
963 1547 1124 1633 quid
1193 1547 1428 1635 prioris
1495 1548 1801 1613 mandati
1858 1547 2195 1613 occasione
2212 1546 2240 1604 2
2306 1547 2369 1612 ei
2426 1545 2535 1612 vel
2594 1547 2743 1611 suis-
2773 1545 2959 1610 foris-

859 1650 1110 1714 factum
1153 1649 1401 1728 fuisset,
1447 1649 1521 1715 id
1565 1651 1628 1716 ei
1677 1651 1819 1716 sine
1880 1650 2201 1716 dilatione
2261 1649 2654 1715 emendaret.
2746 1647 2961 1714 Resti-

861 1757 1015 1818 tuta
1060 1774 1214 1840 ergo
1257 1752 1391 1817 fuit
1433 1752 1627 1817 nobis
1670 1756 1852 1818 terra
1902 1752 2034 1831 illa,
2082 1757 2314 1818 contra
2358 1751 2553 1839 spem'
2580 1749 2959 1830 multorum,

861 1859 1013 1942 post
1055 1854 1150 1918 xL
1197 1854 1334 1920 fere
1377 1875 1586 1919 annos
1639 1859 1990 1941 postquam
2050 1877 2129 1920 ea
2171 1853 2419 1919 fuimus
2460 1852 2741 1940 spoliati.
2826 1852 2963 1918 Sed

861 1962 1088 2021 tamen
1149 1961 1380 2042 postea
1445 1955 1689 2022 accidit
1749 1958 1943 2045 quod,
2010 1961 2305 2043 tempore
2373 1956 2639 2022 Ricardi
2700 1955 2961 2024 abbatis

864 2058 926 2138 7,
979 2059 1222 2124 iterum
1280 2057 1789 2149 quodammodo-
1816 2059 2063 2126 fuimus
2106 2059 2389 2147 spoliati,
2439 2063 2515 2124 ut
2559 2057 2817 2145 patebit
2860 2059 2960 2124 in-

865 2161 1083 2228 serius.

867 2498 1000 2565 III.
1049 2498 1147 2565 De
1195 2499 1466 2566 eccle-sia
1527 2499 1609 2567 dc
1679 2499 1981 2586 Waqhna
2000 2524 2029 2581 ,·
2092 2499 2173 2566 dc
2252 2499 2762 2587 inquietatione
2828 2521 2963 2588 pro

1042 2601 1324 2770 m
1379 2601 1682 2682 ibidemf
1742 2609 1803 2670 ct
1869 2603 1951 2670 de
2018 2602 2496 2691 compositiom
2576 2602 2766 2670 inita
2832 2625 2965 2692 pro

957 2882 1086 2948 Illo
1131 2903 1391 2971 quoque
1434 2886 1730 2971 tempore
1775 2891 2077 2953 mortuus
2122 2892 2226 2953 est
2272 2887 2509 2954 Petrus
2540 2887 2965 2968 Pietavensis,

865 3005 1146 3072 persona
1205 2985 1588 3053 medietatis
1655 2988 1943 3054 ecclesiae
2008 2990 2089 3055 de
2156 2988 2480 3077 Waghna‚
2530 2990 2649 3078 qui
2716 2991 2969 3057 dudum

864 3091 1123 3173 partem
1175 3110 1362 3154 suam
1432 3110 1580 3154 cum
1647 3090 1896 3177 capella
1958 3090 2043 3156 de
2110 3091 2399 3159 Suttona
2464 3099 2615 3159 tota
2657 3093 2805 3159 vita
2848 3114 2969 3157 sua

863 3190 1054 3256 nobis
1097 3191 1594 3271 committebat3
1641 3192 1799 3278 quia
1819 3191 1846 3231 ⁴
1910 3200 2143 3261 contra
2188 3194 2617 3261 willielmum
2683 3196 2767 3261 de
2812 3195 2972 3261 Sut-

863 3298 1045 3371 tona,
1094 3293 1210 3380 qui
1283 3292 1636 3380 praefatam
1711 3295 2029 3383 capellam
2094 3296 2341 3384 petiit?
2404 3319 2539 3363 non
2602 3298 2827 3385 potuit
2898 3319 2969 3363 se

531 3412 567 3462 f.
583 3418 649 3464 so
663 3412 710 3465 b.
864 3396 1044 3461 tueri
1109 3396 1240 3461 nisi
1304 3418 1422 3483 per
1465 3396 1782 3465 abbatem
1848 3408 2170 3467 nostrum.
2293 3400 2426 3481 Qui
2488 3399 2693 3466 abbas
2766 3402 2968 3467 etiam

534 3509 700 3561 claim
724 3518 778 3563 to
868 3498 1202 3563 ecclesiam
1265 3498 1481 3584 ipsam
1546 3521 1698 3565 cum
1767 3502 2073 3567 omnibus
2148 3503 2591 3589 pertinentiis,
2667 3503 2923 3568 virtute
2939 3502 2968 3541 ⁶

532 3576 846 3711 ζδῇγοξεῗὲ
869 3598 1301 3665 concessionis
1368 3600 1562 3666 nobis
1608 3624 1726 3689 per
1771 3600 2211 3669 Willielmum
2263 3605 2325 3670 le
2372 3604 2599 3684 (irone,
2646 3606 2969 3683 comitem,

867 3700 1290 3767 fundatorem
1332 3708 1652 3783 nostrum,
1702 3705 1785 3770 de
1830 3705 2059 3771 eadem
2105 3705 2376 3772 ecclesia
2418 3706 2627 3786 factae,
2677 3706 2971 3772 vindica—

868 3803 1006 3869 bat.
1095 3802 1228 3869 Sed
1295 3808 1540 3887 tamen,
1609 3807 1696 3872 ad
1755 3807 2154 3873 instantiam
2224 3809 2548 3875 Hawisiae
2600 3811 2969 3887 comitissae,

868 3904 1026 3972 filiae
1090 3905 1254 3971 dicti
1297 3906 1646 3975 Wfflielmi
1714 3909 1994 3989 comitis,
2056 3910 2270 3997 ipsam
2334 3911 2669 3978 ecclesiam
2688 3911 2714 3948 ⁷
2756 3912 2971 3979 eidem

871 4007 1070 4075 Petro
1116 4008 1320 4075 abbas
1383 4010 1522 4097 ipse
1544 4008 1570 4049 ⁰
1637 4011 2156 4079 reconcedebat.⁰
2269 4014 2621 4103 Pepigerat
2685 4037 2969 4102 namque

939 4292 954 4321 ¹
987 4291 1140 4342 Aster-
1161 4292 1369 4356 inferret
1395 4292 1569 4355 insert,
1591 4294 1676 4344 vel
1695 4293 1875 4347 inferri
1936 4302 1961 4321 ‘
2032 4298 2052 4328 ⁴
2082 4298 2229 4364 quia]
2258 4298 2461 4350 videbat
2476 4297 2615 4349 enim
2635 4298 2771 4352 idem
2791 4297 2970 4351 Petrus

871 4368 1193 4434 permitteret,
1215 4371 1278 4422 P.
1966 4377 2118 4441 quod,
2140 4375 2201 4427 P.

934 4487 956 4517 ²
987 4486 1262 4552 occasione]
1288 4488 1516 4555 wanting
1537 4488 1589 4539 in
1610 4488 1672 4541 P.
2030 4455 2052 4564 Σ
2075 4455 2349 4601 {2:231
2339 4458 2490 4587 {⁸3th
2510 4456 2573 4508 P'
2620 4537 2665 4587 1,

936 4603 958 4633 ⁸
988 4602 1076 4651 De
1118 4600 1320 4652 ecclesia
1353 4639 1367 4654 .
1415 4638 1430 4654 .
1479 4641 1492 4656 .
1543 4605 1741 4674 ibidem]
1792 4606 1875 4658 De
2034 4614 2053 4641 ⁷
2084 4610 2361 4681 ecclesiam]
2386 4552 2645 4680 cadem,
2665 4574 2730 4666 Ρ.
2844 4592 2853 4601 ·

870 4681 1228 4747 inquietatione
1249 4698 1349 4748 qua
1367 4684 1542 4735 vexati
1575 4686 1763 4739 fuimus
1782 4703 1874 4753 pro
2033 4693 2053 4721 ⁸
2084 4690 2240 4742 abbas
2262 4694 2393 4760 ipse]
2422 4695 2649 4760 wanting
2668 4696 2722 4744 in
2745 4696 2805 4745 P.

871 4762 1082 4813 decimis
1104 4764 1167 4813 de
1189 4760 1442 4829 Waghna,
1465 4764 1527 4815 P.
2033 4774 2054 4801 ⁰
2085 4772 2453 4840 recem-edebat]
2479 4776 2802 4836 concedebat,
2820 4775 2884 4826 P.
