3519 5734
1067 854 1491 908 ALEXANDER
1531 854 1748 908 ABBAS
1794 855 2131 920 QUARTUS·
2520 840 2653 916 307

549 1037 684 1122 Qui
727 1035 1066 1118 Arnaldue
1109 1036 1532 1105 confirmavit
1591 1036 1788 1104 nobis
1833 1036 2225 1104 donationes
2271 1037 2483 1126 patrie
2527 1039 2646 1118 sui,
2672 1044 2811 1095 A-D·
2840 1048 2966 1100 1¹⁹7

547 1147 618 1209 et
663 1142 833 1210 obiit
875 1143 1018 1208 sine
1059 1142 1301 1208 herede
1344 1142 1428 1208 de
1472 1162 1542 1208 ee
1587 1146 1944 1230 procreato,
2032 1141 2236 1209 Unde
2261 1139 2281 1178 ¹
2314 1141 2646 1209 hereditas
2669 1117 2853 1166 '¹²¹⁰'

547 1246 632 1312 ad
676 1245 997 1312 Thomam
1040 1243 1313 1311 fratrem
1375 1267 1570 1310 suum
1616 1250 1718 1312 est
1761 1243 2093 1311 devoluta.
2187 1243 2323 1326 Qui
2366 1244 2649 1312 Thomas

546 1349 735 1416 dedit
808 1348 1000 1415 nobie
1091 1349 1256 1414 duas
1340 1346 1618 1414 bovatas
1707 1352 1919 1426 terrae,
1980 1368 2133 1434 quae
2205 1347 2477 1414 fuerunt
2566 1347 2649 1412 de

547 1452 822 1519 dimidia
865 1456 1172 1518 carucata
1211 1456 1408 1518 terrae
1471 1450 1706 1537 quam²
1752 1450 1973 1517 dietus
2019 1450 2415 1518 Willielmus
2459 1457 2651 1539 pater

546 1575 704 1622 suus
779 1560 938 1622 ante
1001 1554 1263 1620 obitum
1337 1575 1532 1620 suum
1608 1554 1670 1619 ei
1745 1554 2030 1620 contulit
2065 1552 2133 1634 3³
2209 1559 2297 1633 et,
2360 1555 2436 1620 in
2506 1554 2648 1622 looo

547 1659 830 1724 duorum
875 1659 1200 1726 toftorum
1261 1657 1348 1722 ad
1415 1655 1628 1724 dictae
1696 1656 1863 1723 duas
1928 1654 2212 1724 bovatae
2264 1661 2462 1726 terrae
2506 1681 2651 1746 per·
2674 1661 2709 1714 f·
2734 1665 2797 1710 ³2
2813 1659 2896 1714 b.-

545 1762 926 1840 tinentium,
973 1763 1140 1828 duos
1201 1761 1505 1828 selliones
1571 1765 1772 1828 terroe
1834 1760 2122 1826 duarum
2172 1762 2649 1849 perticatarum

545 1867 620 1930 in
664 1865 1041 1945 latitudine,
1087 1871 1172 1938 et,
1221 1865 1500 1931 tertium
1567 1863 1907 1930 sellionem
1951 1885 2070 1952 per
2114 1864 2407 1932 medium
2450 1866 2651 1932 unius

546 1968 752 2036 clausi
797 1969 920 2050 sui,
964 1968 1159 2034 nobis
1217 1966 1632 2034 concedebat.
1725 1965 1893 2048 Quae
1941 1968 2143 2035 etiam
2190 1968 2339 2035 duae
2383 1969 2650 2036 bovatae

545 2077 740 2138 terrae
761 2070 788 2109 ⁴
831 2093 950 2160 per
1009 2071 1262 2136 dietum
1309 2063 1665 2158 Hugonem
1717 2068 2033 2136 abbatem
2079 2071 2395 2158 quintum
2417 2071 2444 2109 ⁵
2490 2079 2651 2142 sunt

547 2175 868 2244 alienatae.
979 2173 1112 2241 Sed
1181 2178 1409 2240 tamen
1473 2173 1556 2239 de
1622 2172 1817 2239 nobis
1879 2195 1999 2262 per
2064 2171 2459 2242 forinsecum
2520 2198 2652 2243 ser-

543 2278 790 2346 vitium
863 2281 1196 2344 tenentur.
1312 2275 1594 2364 Ipseque
1669 2276 1957 2343 Thomas
2040 2279 2182 2344 eine
2256 2277 2493 2346 herede
2568 2278 2651 2346 de

546 2405 812 2472 corpore
874 2403 994 2448 suo
1058 2381 1242 2447 obiit.
1355 2379 1710 2468 Propterea
1774 2379 2157 2448 Bernardus
2219 2381 2425 2448 frater
2492 2405 2650 2450 suus

545 2487 689 2574 ejus
749 2485 1193 2553 hereditatem
1267 2486 1368 2550 eet
1436 2484 1761 2565 sortitus;
1830 2484 1948 2570 qui
2008 2485 2243 2571 genuit
2311 2485 2649 2567 Thomam,

545 2589 573 2627 ⁰
594 2591 712 2678 qui
786 2588 1204 2656 confirmavit
1283 2608 1510 2654 omnes
1586 2591 1797 2653 terras
1872 2592 2132 2655 nostras
2206 2588 2472 2669 ibidem,
2534 2597 2604 2656 et
2622 2591 2649 2632 ὅ

547 2693 734 2759 dedit
778 2692 1045 2762 domino
1093 2691 1386 2756 Roberto
1421 2689 1678 2778 Tyliolf
1713 2690 2028 2777 quiequid
2070 2689 2310 2758 habuit
2352 2692 2427 2757 in
2471 2693 2651 2761 dieta

541 2795 706 2861 villa
762 2795 842 2862 de
887 2793 1370 2861 Westheitfeld.
1463 2791 1489 2830 ⁷
1510 2793 1678 2873 Quae
1743 2793 2011 2881 quidem
2081 2800 2465 2862 tenementa
2528 2818 2647 2864 sua

544 2900 852 2966 dominus
919 2898 1252 2965 Robertus
1322 2896 1404 2964 de
1482 2896 1792 2984 Hyltona
1854 2903 2042 2965 tenet
2061 2898 2087 2935 ⁷
2151 2902 2226 2965 in
2291 2902 2648 2988 praesenti3

544 3004 676 3090 qui,
732 3004 911 3069 inter
977 3000 1142 3067 alias
1205 3006 1416 3067 terras
1477 3021 1646 3077 suae,
1692 3004 1881 3067 tenet
1944 3000 2027 3067 de
2095 3002 2289 3068 nobie
2356 3002 2647 3070 ibidem⁸

543 3106 708 3173 duas
770 3105 1050 3173 bovatas
1117 3110 1328 3183 terrae,
1374 3126 1523 3191 quae
1574 3104 1925 3190 quondam,
1974 3108 2053 3170 ut
2114 3106 2483 3193 praefertur,
2528 3128 2647 3195 per

541 3208 862 3277 Thomam
925 3210 1006 3275 de
1072 3208 1336 3295 Areyns
1398 3207 1721 3274 seniorem
1791 3208 1983 3274 nobis
2050 3202 2308 3277 eollatae
2375 3208 2645 3278 fuerunt

542 3318 610 3379 et
675 3336 793 3401 per
858 3313 1112 3380 dietum
1188 3310 1545 3398 Hugonem
1621 3310 1934 3377 abbatem
2012 3312 2047 3376 5
2111 3310 2462 3379 alienatae?
2552 3312 2643 3381 Et

513 3416 939 3483 ‚Wiflielmue
1013 3416 1170 3482 Tele
1252 3414 1336 3481 de
1402 3412 1827 3500 Estheytfeld
1911 3412 2097 3480 dedit
2180 3416 2370 3481 nobie
2437 3438 2638 3483 unam
2662 3419 2965 3475 Estheitfeld

540 3520 850 3587 bovatam
916 3524 986 3585 et
1044 3517 1390 3583 dimidiam
1451 3522 1651 3585 terrae
1714 3538 1865 3585 cum
1928 3539 2063 3582 uno
2132 3518 2304 3585 tofto
2372 3520 2447 3585 in
2492 3518 2642 3587 Est·
2664 3499 2951 3619 ssgffissm·

539 3622 852 3703 heitfeld3
942 3644 1091 3708 quae
1157 3620 1584 3687 Baldewinus
1646 3620 1871 3706 Tyrel]
1939 3619 2133 3686 nobis
2201 3623 2427 3708 quieta
2488 3644 2641 3690 oon·
2666 3635 2787 3685 liam
2810 3635 2937 3687 Tele

541 3726 872 3802 firmabat,
919 3728 988 3789 et
1053 3745 1350 3789 annuum
1415 3724 1754 3790 redditum
1814 3744 1875 3789 v,
1923 3724 2300 3807 solidorum,
2348 3728 2463 3813 qui
2522 3750 2642 3815 pro
2663 3704 2768 3821 {⁸3}
2782 3703 2973 3839 fflfl.

539 3828 770 3895 eadem
812 3834 994 3894 terra
1037 3826 1168 3892 sibi
1212 3827 1592 3905 debebatur,
1625 3826 1817 3893 nobis
1863 3827 2289 3908 remittebat3
2334 3834 2402 3896 et
2432 3852 2641 3897 unum

539 3930 728 3999 aliud
809 3930 1056 3997 tostum
1124 3929 1373 3995 ibidem
1435 3929 1630 3995 nobis
1689 3930 1959 4017 insuper
2033 3931 2363 4019 erogabat.
2475 3932 2641 4015 Quae

605 4178 618 4209 ¹
664 4174 830 4243 Unde]
857 4174 960 4227 Pro
982 4190 1098 4240 quo,
1119 4174 1180 4226 P.
1629 4175 1835 4234 ibidem,
1898 4175 2285 4239 compositiones
2348 4176 2639 4233 feceramus.

605 4270 626 4301 ²
654 4268 826 4335 quam]
855 4282 993 4335 quas,
1017 4267 1078 4319 P.
1630 4254 1706 4303 At
1731 4252 1841 4318 ipse
1863 4252 2102 4315 Thomas,
2137 4253 2199 4306 P.

603 4364 622 4393 ⁸
655 4360 882 4429 contulit]
911 4360 1232 4423 concedebat,
1253 4358 1316 4411 Ρ.
1695 4336 1715 4365 ⁷
1755 4332 1881 4395 Qua
1896 4334 2084 4400 quidem
2118 4374 2133 4387 ·
2168 4372 2183 4386 -
2220 4374 2231 4387 .
2268 4337 2417 4403 tenet]
2437 4336 2540 4401 Qui
2555 4339 2638 4391 vel

1629 4412 1774 4463 heres
1806 4428 1924 4467 suus
1956 4414 2189 4466 vendidit
2218 4416 2328 4481 ipsa
2358 4424 2638 4470 tenementa

603 4456 625 4575 Ξ
659 4452 830 4519 terra]
855 4454 1082 4560 wanting·
1102 4454 1158 4503 in
1180 4452 1241 4505 P.
1405 4546 1418 4559 ⁶
1625 4508 1718 4545 sua
1736 4492 1959 4545 Roberto
1980 4494 2214 4547 Lorimer
2235 4496 2299 4550 de
2322 4496 2544 4559 Setonn
2579 4514 2637 4552 ea

657 4546 812 4597 After
831 4554 1046 4611 quantum
1065 4551 1228 4597 insert
1247 4560 1280 4597 a
1299 4548 1460 4609 nobis,
1477 4547 1538 4601 P.
1624 4574 1823 4637 retinet,
1842 4574 1905 4625 Ρ,

605 4652 627 4681 ⁸
656 4650 742 4715 qui
783 4650 1088 4714 confirmavit
1116 4686 1133 4701 .
1179 4688 1194 4703 .
1240 4686 1256 4703 .
1300 4652 1372 4719 et]
1423 4666 1538 4703 enm
1691 4656 1712 4685 ⁸
1741 4654 1897 4707 After
1918 4654 2090 4706 ibidem
2111 4656 2271 4708 insert
2298 4657 2445 4723 ipone,
2466 4658 2529 4709 P.

538 4744 653 4794 quo,
676 4735 735 4781 ut
755 4736 926 4794 postea
945 4730 1200 4791 referetur,
1221 4738 1335 4795 post
1355 4732 1539 4782 eonfir·
1689 4736 1712 4764 ⁹
1745 4742 1795 4783 et
1826 4752 1923 4801 per
1953 4772 1967 4787 .
2002 4771 2017 4787 .
2053 4774 2068 4787 .
2101 4734 2356 4803 alienate]
2404 4738 2632 4805 wanting

535 4810 810 4862 mationem
831 4824 975 4863 mam
987 4816 1234 4863 terrarum
1255 4817 1538 4863 nostrarum
1629 4811 1682 4863 in
1705 4812 1769 4864 P.
2007 4822 2013 4829 ·

2232 4898 2369 4961 112
