3519 5734
519 1729 656 1782 A.1).
685 1735 812 1782 1199

515 1803 704 1852 -12160

518 1876 776 1928 confisca-

515 1945 624 1994 tion
646 1944 710 1995 of

517 2011 710 2062 church

517 2087 767 2146 property-

510 2443 548 2495 f.
574 2450 655 2498 51.

509 2757 621 2809 The
641 2759 757 2811 four

509 2825 735 2892 bishops,

505 2892 591 2943 the
613 2898 785 2975 pope’s

505 2974 740 3013 commis-

507 3024 712 3088 sionem,

501 3091 644 3145 leave
663 3097 750 3149 the

505 3158 766 3227 kingdom.

502 3480 683 3531 Terms
705 3483 768 3532 of

501 3562 736 3613 arrange·

501 3624 640 3665 ment
661 3616 764 3667 dis-

501 3682 694 3733 cussed.

829 807 982 873 -3442
1369 819 1795 874 stennone
1834 820 2057 874 ABBAS
2100 821 2437 884 omn-rus.

851 1132 1014 1200 CAP.
1065 1131 1296 1198 XXII.
1342 1132 1441 1198 De
1477 1153 1645 1218 pace
1673 1131 1861 1198 ‘inter
1888 1153 2109 1222 ‘reyem
2152 1139 2213 1198 et
2256 1130 2681 1220 Stephanum
2724 1129 2951 1198 archi-

1025 1235 1416 1322 episcopum
1501 1234 2069 1302 eantuariensem
2156 1241 2446 1302 tractata
2466 1259 2497 1316 ,⁰
2584 1235 2667 1301 de
2752 1234 2951 1300 ‘rebel-

1029 1338 1208 1404 lione
1253 1337 1332 1403 H
1327 1337 1607 1404 ibeo-nice
1629 1362 1658 1416 ;
1721 1345 1785 1404 et
1846 1337 1925 1404 de
1986 1339 2326 1405 ‘ve-vatione
2376 1337 2953 1404 monasteriorum

1029 1439 1307 1507 ordinis
1357 1440 1814 1509 Cisterciensis
1848 1462 1983 1528 pro
2027 1441 2362 1509 exactione
2382 1439 2696 1532 pecuniae
2726 1439 2811 1506 ab
2856 1439 2953 1506 eis

1025 1549 1306 1612 extom‘oe.

945 1721 1294 1801 continue,
1339 1745 1492 1789 cum
1557 1723 1775 1810 ipsum
1824 1722 2255 1789 interdictum
2298 1722 2533 1790 fuisset
2574 1723 2951 1811 promulga-

853 1831 1017 1906 tum,
1063 1847 1185 1892 rex
1240 1826 1452 1892 iratus
1509 1827 1945 1915 possessiones
2002 1831 2073 1892 et
2130 1826 2431 1894 redditus
2474 1827 2945 1914 episcoporum,

851 1928 1304 2016 religiosorum
1347 1951 1424 1994 ac
1466 1929 1750 1996 aliorum
1790 1929 2392 2009 ecclesiasticorum,
2423 1949 2542 2016 per
2570 1928 2944 1995 universam

845 2031 1182 2119 Angliaur
1207 2032 1605 2113 confiscavit,
1637 2037 1708 2098 et
1751 2053 1868 2118 per
1910 2033 2173 2120 singula
2216 2033 2627 2112 monasteria,
2660 2031 2943 2118 collegia,

849 2137 920 2198 et
963 2134 1346 2200 universum
1390 2133 1654 2213 clerum,
1699 2135 2001 2201 custodes
2046 2134 2417 2222 deputavit,
2450 2136 2565 2221 qui
2608 2135 2941 2222 episcopia

847 2234 1096 2301 clericis
1125 2241 1194 2302 et
1221 2236 1559 2324 religiosis,
1593 2236 2004 2302 solummodo
2032 2237 2212 2303 unde
2242 2237 2467 2303 vivere
2494 2241 2763 2323 possent
2792 2258 2945 2304 con-

845 2338 1206 2426 signarent,
1253 2345 1322 2406 et
1373 2340 1710 2405 residuum
1762 2344 2203 2426 proventuum
2248 2339 2464 2405 bursae
2506 2339 2703 2427 regiae
2746 2361 2947 2406 reser-

843 2445 1097 2508 varent.
1146 2441 1348 2508 Unde
1393 2463 1617 2509 omnes
1661 2443 1948 2529 episcopi
1976 2441 2241 2531 Angliae
2270 2441 2601 2508 communi
2630 2463 2945 2507 consensu

845 2564 1070 2609 omnes
1099 2545 1215 2631 qui
1241 2545 1318 2610 in
1345 2545 1779 2631 possessiones
1808 2549 1880 2610 et
1907 2545 2083 2610 bona
2112 2549 2355 2612 sanctae
2384 2543 2668 2610 ecclesiae
2712 2566 2947 2610 manus

843 2646 1188 2713 violentas
1209 2646 1406 2713 modo
1465 2645 1849 2733 hujusmodi
1892 2647 2327 2734 ‘immiserunt
2371 2646 2639 2712 vinculo
2684 2667 2947 2712 excom-

841 2749 1313 2815 municationis
1379 2749 1817 2816 innodabant.
1940 2749 2033 2816 Et
2104 2771 2255 2816 cum
2322 2749 2539 2816 adhuc
2612 2771 2731 2815 rex
2804 2771 2942 2816 suae

843 2853 1119 2919 malitiae
1163 2852 1366 2919 finem
1407 2853 1742 2941 imponere
1788 2852 2125 2933 noluisset,
2171 2851 2299 2941 ipsi
2346 2855 2388 2919 4
2434 2852 2720 2940 episcopi
2763 2874 2943 2919 mare

839 2954 928 3019 ad
973 2954 1386 3041 Stephanum
1431 2977 1625 3021 suum
1667 2955 2253 3043 metropolitanum
2296 2954 2721 3033 transierunt,
2752 2955 2944 3041 eique

839 3061 1030 3143 gesta
1073 3057 1217 3145 ipsa
1257 3057 1645 3125 retulerunt.
1725 3058 1927 3125 Unde
1971 3063 2040 3124 et
2084 3060 2225 3146 ipse
2268 3081 2349 3125 ea
2392 3058 2569 3145 apud
2614 3080 2943 3124 summum

839 3158 1224 3246 pontificem
1267 3182 1388 3225 sua
1431 3159 1756 3226 relatione
1816 3160 2208 3249 deponebat.
2300 3161 2393 3226 Et
2436 3180 2587 3226 cum
2630 3180 2753 3225 rex
2794 3180 2943 3246 cog-

839 3262 1138 3328 novisset
1199 3262 1375 3349 ipsos
1443 3262 1778 3349 episcopos
1855 3262 2067 3329 maria
2133 3261 2609 3342 transfretasse,
2669 3262 2943 3327 nuntios

840 3362 1077 3451 dignos
1144 3368 1297 3452 post
1359 3385 1470 3431 eos
1534 3364 1919 3443 destinavit,
1981 3369 2061 3430 ut
2124 3363 2554 3431 Cantuariam
2626 3364 2942 3441 redirent,

839 3466 923 3533 de
987 3490 1144 3553 pace
1207 3473 1278 3534 et
1343 3468 1692 3534 concordia
1753 3468 2129 3534 tractaturi.
2223 3466 2372 3547 Qui,
2417 3466 2650 3535 audito
2710 3452 2971 3552 hujus-⁰

839 3570 1019 3634 modi
1062 3570 1320 3649 nuntie,
1369 3591 1488 3657 per
1553 3570 1904 3636 consilium
1950 3574 2019 3635 et
2084 3570 2501 3635 voluntatem
2565 3569 2730 3635 dicti
2788 3570 2941 3635 Sto·

837 3669 1042 3758 phani
1088 3670 1562 3759 archiepiscopi
1607 3671 2112 3739 cantuariensis
2170 3676 2565 3738 remearunt.
2657 3670 2751 3736 Et
2798 3694 2941 3751 rex,

837 3773 1157 3839 tractatui
1219 3774 1450 3840 nolens
1509 3774 1845 3853 interesse,
1892 3774 2221 3861 episcopos
2266 3774 2601 3860 quosdam,
2648 3774 2939 3855 comiteS,

835 3875 1115 3942 barones
1159 3882 1228 3943 et
1271 3876 1436 3942 alios
1479 3882 1843 3963 magnates,
1889 3876 2260 3942 transmisit
2307 3875 2757 3955 Cantuariam,
2788 3900 2938 3943 cum

837 3981 880 4042 4
944 3978 1265 4067 episcopis
1327 3978 1725 4065 supradictis
1788 4000 1908 4045 suo
1971 3978 2241 4045 nomine
2285 3983 2702 4045 tractaturos,
2794 3980 2937 4045 Ubi

833 4079 1013 4146 inter
1079 4102 1188 4147 eos
1257 4080 1486 4146 taliter
1547 4080 1772 4146 fuerat
1833 4080 2319 4163 concordatum,
2364 4080 2544 4167 quod
2604 4103 2726 4147 rex
2788 4081 2937 4147 Ste-

833 4180 1131 4268 phanum
1193 4182 1774 4269 archiepiscopum,
1841 4183 2125 4269 priorem
2202 4187 2273 4249 et
2340 4181 2697 4248 monachos
2762 4182 2933 4249 Can-

833 4284 1217 4365 tuariensae,
1282 4283 1371 4348 ad
1433 4305 1620 4348 suam
1689 4283 2028 4351 ecclesiam
2089 4286 2375 4373 recipere
2450 4284 2800 4363 debuisset,
2861 4292 2934 4352 et

832 4387 1013 4472 quod
1073 4386 1160 4451 ab
1225 4387 1370 4473 ipso
1436 4386 1544 4451 die
1609 4390 1679 4453 et
1742 4387 2052 4475 deinceps
2116 4388 2297 4453 bona
2353 4392 2603 4454 sanctae
2647 4388 2933 4455 ecclesiae

829 4487 1077 4573 absque
1125 4508 1446 4553 consensu
1491 4510 1717 4554 eorum
1763 4512 2049 4576 quorum
2093 4492 2269 4556 bona
2311 4495 2472 4556 sunt
2515 4512 2652 4557 non
2698 4490 2933 4557 confis-

829 4594 1050 4671 caret3
1097 4590 1291 4675 quod,
1324 4589 1406 4655 de
1452 4591 1642 4656 bom's
1687 4592 1991 4669 ecclesiae,
2022 4592 2329 4658 omnibus
2375 4592 2457 4659 de
2494 4593 2739 4679 quibus
2784 4594 2931 4679 ipsa

826 4692 1002 4757 bona
1067 4692 1381 4778 injuriose
1445 4694 1790 4760 auferebat
1858 4696 2123 4782 plenam
2184 4695 2675 4763 restitutionem
2736 4696 2929 4761 exhi-
