3519 5734
1183 828 1552 879 PHILIPPUs
1596 825 1818 877 Anus
1858 826 2229 879 snmus,
2622 814 2653 875 1
2666 812 2751 877 89

664 1004 955 1081 diuntnr,
1001 1008 1072 1071 et
1130 1026 1250 1071 rex
1302 1005 1670 1071 confiscatis
1734 1005 1925 1070 bonis
1970 1004 2113 1090 ejus
2155 1002 2295 1089 regi
2342 1002 2638 1067 Franciae
2684 1005 2753 1066 et
2776 1004 2915 1055 ΑΒ·
2944 1005 3065 1053 116¹

663 1107 887 1173 comiti
934 1107 1262 1173 F'landriae
1307 1106 1651 1186 scribebat,
1699 1128 1785 1172 ne
1844 1112 2233 1194 paterentur
2276 1104 2607 1191 quondam
2652 1126 2753 1168 ar-
2774 1075 3039 1227 {lgg'ing

663 1210 1142 1297 chiepiscopum
1185 1211 1590 1298 proditorem
1635 1230 1826 1275 suum
1856 1210 1931 1273 in
1959 1230 2184 1275 eorum
2226 1208 2445 1295 regnis
2488 1206 2755 1291 aliquod
2778 1232 3089 1279 endeavours

659 1312 989 1399 refugium
1034 1312 1342 1379 obtinere.
1438 1312 1590 1400 Ipse
1632 1318 1859 1377 tamen
1894 1310 2429 1399 archiepiscopus,
2475 1308 2755 1375 Senonis
2775 1302 3061 1411 ffipgffll'f

661 1436 704 1479 a
747 1437 918 1502 papa.
960 1415 1343 1482 Alexandro
1389 1420 1430 1483 3
1475 1421 1833 1503 susceptus
1876 1436 2066 1502 papae
2131 1413 2756 1499 archiepiscopatum
2778 1429 2889 1478 sion
2908 1429 3039 1478 from

661 1538 854 1582 suum
927 1518 1294 1606 resignavit
1367 1522 1438 1583 et
1509 1518 1845 1603 reaccepit.
1976 1517 2165 1581 Tunc
2235 1514 2757 1602 archiepiscopus
2778 1496 2989 1625 ἒῖἰῖ·

666 1619 1108 1698 Eboracensis,
1139 1620 1426 1707 episcopi
1457 1618 1977 1707 Wygorniensis,
2008 1618 2403 1684 Exoniensis
2444 1622 2515 1683 et
2544 1616 2757 1683 Oices·
2779 1642 3007 1692 received
3020 1642 3088 1705 by

662 1722 919 1799 trensis,
965 1722 1206 1808 aliique
1273 1743 1566 1809 personae
1629 1722 2005 1798 nominatae,
2048 1721 2291 1787 contra?
2320 1722 2533 1808 ipsum
2586 1720 2758 1785 Can·
2782 1708 3089 1826 ζζξῗῑξζᾶ

662 1825 1060 1890 tuariensem
1105 1824 1658 1911 archiepiscopum
1688 1825 1775 1889 ed
1801 1845 2041 1911 papam
2070 1828 2493 1903 accesserunt.
2558 1822 2758 1888 Unde
2780 1811 3045 1905 suppo'ned

661 1926 894 1991 habita.
938 1948 1156 1993 coram
1185 1928 1451 1992 domino
1485 1948 1658 2013 papa
1693 1925 2183 2013 disceptatione,
2217 1926 2500 2013 episcopi
2530 1930 2758 1991 contra.
2778 1908 3089 2039 ζξξέζζῃξὴθ

661 2028 1218 2117 archiepiscopum
1251 2028 1795 2095 Gentuariensem
1837 2028 2274 2114 blasphemias
2316 2028 2633 2116 plurimas
2672 2028 2755 2094 de
2778 2042 2965 2121 tatipns
2987 2045 3047 2094 of

661 2151 818 2216 pace
883 2132 1272 2218 perturbata
1335 2131 1769 2217 protulemnt.
1879 2130 2426 2217 Archiepiscopus
2489 2137 2755 2197 econtra
2776 2124 2997 2241 ἒῗὲῗζῗι

661 2233 975 2320 scriptum
1039 2235 1468 2301 articulorum
1535 2234 1819 2300 ecclesiae
1881 2234 2209 2299 universae
2276 2232 2753 2299 contrariorum
2776 2244 3005 2307 prelates.

662 2335 926 2401 domino
971 2357 1160 2423 papae
1219 2338 1548 2403 offerebat.
1645 2336 1791 2416 Quo
1858 2336 2045 2413 lect0‚
2090 2336 2409 2423 scriptum
2453 2341 2521 2401 et
2564 2355 2757 2421 quos-

660 2458 916 2524 cunque
959 2440 1090 2504 sibi
1133 2460 1468 2505 assensum
1529 2439 1901 2527 praebentes
1962 2443 2277 2525 perpetuo
2338 2438 2757 2505 anathemate

659 2541 1140 2607 condemnavit.
1235 2541 1696 2607 Redeuntibus
1740 2563 2002 2628 quoque
2048 2540 2365 2628 episcopis
2408 2563 2451 2605 a.
2492 2543 2759 2629 negotio

659 2645 975 2724 vacuetis,
1021 2644 1542 2731 archiepiscopus
1587 2668 1628 2710 a
1672 2645 1941 2710 domino
1996 2666 2167 2731 papa
2214 2643 2355 2730 jam
2399 2645 2759 2711 monachus

663 2744 1116 2811 Cisterciensis
1159 2746 1370 2811 factus
1415 2748 1645 2813 abbati
1690 2751 1761 2812 et
1803 2746 2119 2811 fratribus
2149 2746 2757 2813 Pontiniacensibus
2778 2756 2861 2808 He
2874 2758 2920 2809 is
2930 2760 3089 2810 main-

660 2848 1170 2929 commendatur,
1202 2850 1318 2915 ubi
1361 2872 1477 2938 per
1522 2850 1688 2916 duos
1731 2871 1939 2914 annos
1982 2850 2229 2916 sanctis
2271 2850 2755 2916 exercitationi-
2776 2826 3071 2944 ζῖζῃθέὴξτ,

660 2949 786 3016 bus
831 2951 1130 3037 plurimis
1159 2973 1420 3018 carnem
1449 2953 1626 3018 ultra
1654 2953 1926 3018 modum
1970 2954 2353 3039 castigabat,
2382 2953 2753 3040 multasque
2777 2959 2891 3010 eian
2912 2963 3075 3027 abbey

661 3055 915 3141 corpori
957 3075 1193 3142 graves
1235 3077 1311 3120 ac
1339 3054 1461 3120 soli
1508 3057 1652 3121 Deo
1695 3057 1993 3144 cognitas
2036 3056 2313 3143 injurias
2354 3056 2705 3124 indicebat.
2776 3026 2983 3159 {ffiff'

661 3403 820 3470 CAP.
867 3401 1030 3468 XII.
1074 3403 1177 3470 De
1217 3399 1421 3469 exilio
1463 3401 1889 3489 cognationis
1930 3403 2168 3470 Sancti
2218 3402 2481 3470 Thomoe
2534 3404 2754 3471 archi-

837 3505 1134 3593 episcopi
1155 3532 1184 3587 ;
1247 3513 1310 3572 et
1351 3506 1434 3572 de
1485 3505 1915 3574 cormwtione
1959 3506 2039 3571 Η
2034 3506 2257 3574 amici
2299 3507 2755 3596 primoyeniti

839 3609 920 3672 H
915 3607 1138 3675 enrici
1179 3608 1374 3694 r09i8.

751 3769 898 3835 Rex
927 3775 1171 3849 autem,
1203 3771 1362 3837 dum
1391 3793 1510 3858 per
1537 3773 1867 3859 episcopos
1897 3794 2062 3858 quos
2092 3773 2177 3837 ad
2208 3759 2445 3860 pepam
2487 3774 2758 3840 miserat
2778 3789 2891 3840 The
2910 3791 3041 3856 king

661 3872 1002 3960 negotium
1045 3895 1237 3939 suum
1284 3875 1552 3940 omnino
1596 3874 1927 3961 repulsam
1972 3875 2369 3962 perspiceret
2410 3877 2755 3959 sustinere,
2777 3856 3047 3988 ggffy‘ffi?

659 3974 743 4041 ob
787 3976 912 4042 hoc
954 3977 1025 4041 in
1069 3977 1235 4041 iram
1295 3983 1523 4042 contra
1569 3977 2127 4064 archiepiscopum
2192 3979 2475 4063 amplius
2543 3980 2753 4044 conci-
2776 3990 2983 4042 Beeket.

658 4082 858 4145 tatur.
951 4079 1154 4145 Unde
1182 4079 1404 4144 omnia
1447 4101 1594 4164 quae
1638 4084 1830 4144 erant
1866 4079 2329 4166 archiepiscopi
2374 4085 2444 4145 et
2487 4102 2755 4146 suorum

659 4180 932 4268 dirupit,
977 4203 1052 4248 ac
1095 4182 1314 4268 plures
1361 4180 1442 4246 de
1485 4181 1742 4247 familia,
1786 4186 2127 4268 totamque
2172 4181 2315 4267 ejus
2357 4183 2751 4269 progeniem,

657 4304 1070 4370 nequaquam
1139 4283 1438 4350 deferens
1502 4285 1871 4350 conditioni
1936 4283 2045 4350 vel
2111 4285 2318 4361 sexui,
2366 4285 2584 4350 ordini
2643 4287 2756 4351 vel

659 4387 862 4466 aetati,
933 4387 1183 4474 pariter
1249 4391 1320 4453 et
1383 4386 1961 4473 archiepiscopum,
2006 4385 2209 4451 exilio
2268 4386 2753 4453 condemnavit.

657 4488 1200 4576 Archiepiscopus
1229 4492 1454 4554 tamen
1483 4509 1599 4575 pro
1629 4510 1781 4575 rege
1826 4494 1894 4553 et
1936 4510 2137 4576 regno
2166 4489 2430 4576 Angliae
2459 4489 2752 4575 quotidie
2775 4501 2969 4552 Becket

657 4589 992 4658 exorabat.
1085 4591 1190 4657 Ut
1217 4597 1442 4658 autem
1472 4591 1785 4678 cognovit
1828 4611 1947 4656 rex
1990 4591 2546 4679 archiepiscopum
2575 4592 2751 4679 apud
2770 4567 3056 4687 ᾓᾟξθὲζο

658 4691 1116 4760 Pontiniacum
1161 4695 1443 4761 tutelam
1487 4693 1809 4772 habuisse,
1838 4693 2067 4762 abbati
2096 4694 2395 4760 Cistercii
2422 4694 2750 4761 scribebat
2769 4701 2935 4768 abbey
2956 4703 3019 4752 of
