3519 5734
1142 859 1515 911 Humi-Pus
1557 858 1778 910 ABBAs
1823 857 2206 910 sncunnus.
2595 843 2722 908 169

632 1058 851 1122 quam,
894 1034 1120 1122 paucis
1186 1035 1380 1101 terris
1447 1034 1916 1112 mediantibus,
1959 1055 2002 1098 a
2052 1037 2240 1120 parte
2302 1030 2732 1108 meridionali,
2755 1031 3050 1084 A-D·1160
3141 1025 3177 1049 ”·

637 1137 969 1204 Humbria
1013 1143 1081 1204 et
1124 1143 1320 1204 vetus
1366 1137 1664 1216 Hullum,
1710 1141 1970 1202 torrens
2013 1136 2280 1222 quidam
2328 1133 2735 1220 wapintagia
2755 1104 2942 1233 &¹¹3²

636 1240 718 1306 de
736 1239 757 1277 ¹
805 1239 1245 1306 Holdernesse
1304 1252 1377 1306 et
1443 1239 1802 1325 Herthylle
1865 1237 2171 1304 dividens
2232 1236 2662 1303 immediatus·
2693 1259 2736 1301 a
2759 1248 2960 1300 ancient

634 1347 825 1430 parte
873 1341 1285 1419 occidentali,
1329 1342 1611 1430 cingunt
1634 1342 1695 1407 :2
1759 1347 1834 1407 et
1899 1341 1984 1407 ad
2030 1340 2470 1407 Holdernesse
2536 1339 2738 1426 perti-

635 1445 858 1512 nebat.
951 1445 1097 1523 Sed,
1174 1445 1331 1532 quia
1403 1467 1654 1510 novum
1719 1444 2002 1509 Hullum
2067 1467 2111 1508 a
2177 1449 2366 1530 parte
2435 1441 2738 1509 orientali

632 1547 841 1635 ipsius
890 1547 1049 1614 Wik
1109 1547 1324 1613 indies
1384 1545 1757 1626 crescebat,3
1803 1568 2104 1634 processu
2166 1547 2482 1633 temporis
2544 1549 2738 1610 vetus

637 1651 917 1716 Hullum
992 1649 1411 1716 obstructum
1433 1649 1458 1687 ⁴
1529 1650 1649 1715 vix
1722 1672 1973 1716 sewera
2046 1649 2229 1715 valet
2247 1647 2274 1684 ⁶
2348 1649 2734 1734 nuncupari.

2760 1317 2893 1366 river
2913 1315 3058 1366 Hau.-

639 1753 917 1819 Factum
962 1775 1118 1840 ergo
1181 1758 1281 1818 est
1340 1757 1423 1818 ut
1482 1753 1699 1840 ipsum
1769 1774 2016 1818 novum
2081 1751 2380 1829 Hullum,
2428 1751 2607 1837 quod
2649 1750 2736 1816 ab
2761 1753 3024 1817 Formerly

636 1856 914 1942 antiquo
948 1855 1322 1942 Sayercryk
1353 1855 1744 1935 dicebatur,⁰
1774 1855 2018 1920 fluvius
2056 1877 2349 1942 magnus,
2380 1855 2396 1883 ⁸
2410 1854 2660 1941 patrias

641 1957 1081 2024 Holdernesse
1124 1964 1193 2024 et
1240 1957 1594 2048 Herthylle
1638 1979 1817 2024 nunc
1863 1958 2141 2038 dividat,
2177 1962 2258 2022 ut
2298 1957 2520 2045 ipsum
2551 1956 2738 2042 Wyk

639 2061 820 2126 intra
871 2060 1118 2126 limites
1180 2060 1263 2126 de
1332 2059 1688 2146 Herthylle
1756 2059 1997 2125 debeat
2063 2059 2448 2146 computari.
2541 2059 2607 2122 N
2609 2079 2739 2122 unc

638 2167 863 2228 autem
908 2164 1053 2251 ipsa
1109 2163 1391 2251 grangia
1448 2168 1754 2229 vastatur
1817 2163 2104 2242 omnino,
2151 2169 2222 2228 et
2281 2163 2352 2227 in
2396 2162 2740 2249 planitiem

638 2265 743 2352 cuj
750 2267 979 2333 usdam
1024 2267 1218 2354 prati,
1279 2266 1497 2332 adhuc
1544 2265 1942 2353 Grangwyk·
1956 2264 1982 2301 ⁸
2037 2266 2424 2352 nuncupati,
2477 2265 2742 2330 redacta

640 2370 1036 2457 conspicitur
1078 2371 1151 2434 in
1195 2371 1527 2458 praesenti.
1621 2369 1891 2436 Novum
1951 2374 2175 2434 autem
2229 2369 2604 2444 ,manerium
2656 2367 2742 2433 ad

642 2473 900 2537 easdem
945 2479 1155 2538 terras
1200 2472 1557 2558 pertinens,
1601 2471 1673 2536 in
1724 2471 1934 2537 altero
1978 2471 2120 2536 loco
2163 2471 2236 2536 in
2282 2471 2618 2536 territorio
2661 2469 2742 2534 de

644 2575 926 2660 Mytona
968 2575 1310 2652 situatum,
1356 2573 1756 2660 Tuppcottes
1779 2571 1806 2608 ⁹
1851 2573 2236 2660 appellatur.
2327 2573 2458 2638 Pro
2504 2571 2743 2657 quibus

644 2677 910 2762 quidem
954 2677 1151 2743 terris
1195 2682 1265 2741 et
1308 2676 1707 2741 tenementis
1746 2676 1822 2740 in
1875 2676 2157 2761 Mytona
2201 2679 2270 2740 et
2313 2675 2386 2740 in
2431 2675 2632 2760 Wyk,
2675 2680 2744 2739 et

644 2777 792 2843 aliis
836 2777 1031 2844 terris
1074 2783 1303 2865 postea
1346 2777 1708 2864 acquisitiS,
1740 2777 2042 2844 dedimus
2073 2778 2348 2845 diversis
2389 2801 2508 2865 per
2551 2778 2744 2856 vice5‚

646 2886 885 2969 praeter
944 2881 1271 2947 escambia
1332 2888 1671 2960 terrarum,
1728 2885 1994 2948 centum
2061 2882 2262 2948 libras
2329 2888 2400 2947 et
2461 2882 2746 2969 amplius

644 2984 1129 3072 sterlingorum.
1221 2984 1325 3050 De
1364 2983 1605 3070 quibus
1634 2985 1977 3051 escambiis
2020 2984 2090 3049 in
2139 2985 2278 3051 suis
2317 2985 2476 3051 locis
2518 2988 2746 3072 postea

644 3086 984 3153 referetur.
1079 3087 1225 3167 Quo
1294 3092 1589 3174 tempore
1648 3087 2046 3153 Willielmus
2105 3086 2188 3152 de
2251 3087 2634 3173 Stutevylla
2675 3094 2744 3152 et

647 3190 1041 3257 Benedictus
1087 3190 1167 3255 de
1214 3188 1563 3269 Sculcotes,
1610 3190 1924 3257 facientes
1984 3190 2234 3256 fossata
2281 3190 2370 3256 ad
2413 3190 2743 3255 exsiccan-

644 3292 805 3358 dum
849 3292 1201 3359 mariscum
1247 3291 1328 3357 de
1375 3290 1820 3381 Cotyngham‚
1863 3292 2222 3359 maximam
2275 3297 2534 3379 partem
2577 3314 2748 3357 com-

646 3396 864 3461 munis
908 3401 1196 3483 pasturae
1243 3395 1327 3460 de
1373 3395 1659 3481 Mytona
1704 3401 1775 3462 et
1804 3396 2172 3461 vicinarum
2201 3396 2517 3461 vinearum
2562 3417 2748 3461 occu-

645 3504 907 3584 parunt.
998 3499 1237 3565 Postea
1296 3504 1535 3578 autem,
1580 3498 1882 3565 dedimus
1944 3498 2154 3565 dictas
2197 3503 2407 3565 terras
2453 3504 2522 3565 et
2565 3505 2746 3565 tene-

2679 1851 2735 1889 ,7
2760 1820 2920 1870 called

2764 1886 2923 1950 Sayer

2763 1953 2942 2006 Greek.

646 3604 877 3665 menta
917 3601 991 3666 in
1036 3600 1316 3687 Mytona
1360 3607 1428 3667 et
1460 3601 1643 3687 Wyk
1673 3601 1939 3667 domino
1970 3602 2110 3689 regi
2141 3602 2472 3669 Edwardo
2516 3603 2744 3690 prim0‚
2771 3602 2806 3653 f·
2831 3607 2891 3651 21
2921 3597 2966 3653 b.

647 3702 721 3767 in
765 3702 1159 3769 escambium
1222 3725 1343 3791 pro
1408 3704 1557 3769 aliis
1621 3706 1859 3788 terris;
1907 3711 1986 3773 ut
2050 3706 2123 3770 in
2167 3712 2461 3795 tempore
2507 3707 2747 3795 Rogeri

648 3804 909 3872 abbatis
978 3808 1060 3872 13
1128 3811 1359 3894 postea
1418 3806 1808 3873 referetur.¹⁰
1927 3808 2325 3875 Benedictus
2399 3820 2621 3877 autem
2666 3810 2748 3876 de

720 4090 733 4120 ¹
770 4086 1077 4155 wapiataqia
1098 4087 1183 4154 de]
1223 4088 1454 4157 wanting
1475 4089 1531 4140 in
1552 4091 1613 4142 P.
1816 4094 1837 4123 ⁸
1877 4092 2202 4161 Tuppcoues]
2239 4094 2542 4159 Tuppcotes,
2563 4096 2624 4146 Ρ.

722 4170 743 4203 ²
775 4168 1003 4235 cingunt]
1042 4168 1341 4231 circuibant,
1360 4170 1421 4219 P.
1816 4174 1853 4203 ¹⁰
1885 4172 2068 4223 Postea
2089 4182 2250 4225 autem
2280 4210 2294 4225 .
2331 4210 2345 4226 .
2379 4212 2394 4227 .
2430 4212 2442 4225 .
2478 4174 2742 4241 referetur]

718 4238 738 4279 θ
770 4246 1045 4314 crescebat]
1085 4249 1443 4311 crebrescebat,
1466 4250 1527 4301 Ρ.
1748 4252 1978 4319 wanting
1999 4253 2055 4304 in
2083 4255 2160 4316 Ρ.,
2198 4255 2293 4305 but
2328 4254 2499 4305 which
2536 4255 2628 4307 has
2662 4256 2766 4306 the-

719 4328 737 4357 ⁴
771 4326 1097 4394 obstructum]
1134 4329 1423 4380 obstructus
1460 4329 1516 4379 in
1554 4328 1617 4381 Ε.
1641 4350 1657 4391 3
1747 4332 2015 4398 following
2036 4341 2286 4395 sentence,
2309 4334 2538 4401 wanting
2575 4335 2629 4386 in
2663 4336 2748 4385 the

656 4405 884 4473 wanting
906 4406 962 4457 in
986 4408 1047 4457 P.
1748 4411 1973 4477 Eget-ton
1997 4412 2110 4464 MS.
2139 4432 2154 4463 t
2195 4418 2226 4441 ‘⁴
2246 4413 2396 4465 Pater
2418 4422 2587 4466 autem
2618 4430 2750 4480 prae-

722 4488 743 4516 ⁸
776 4484 930 4553 valet]
968 4492 1180 4552 poterat,
1203 4487 1263 4539 P.
1749 4496 1783 4519 ‘⁴
1816 4490 1988 4555 scripti
2051 4490 2262 4545 Roberti
2307 4494 2370 4544 de
2431 4495 2596 4545 Melsa
2653 4494 2753 4545 fnit

722 4569 742 4596 ⁸
774 4566 905 4630 quod
935 4600 950 4616 .
994 4602 1010 4617 .
1042 4602 1057 4617 .
1092 4566 1373 4634 dicebatur]
1436 4568 1664 4635 wanting
1750 4572 1782 4597 “
1817 4570 2094 4631 Johannes,
2113 4572 2260 4637 cujus
2283 4573 2638 4638 patrimonium
2655 4574 2754 4623 fuit

658 4645 713 4696 in
735 4644 781 4695 P
1472 4672 1475 4677 ·
1749 4653 1782 4679 ‘⁴
1814 4649 1925 4715 ipsa
1963 4651 2128 4701 Melea
2151 4670 2166 4711 ;
2203 4653 2265 4703 de
2299 4668 2512 4719 quorum
2543 4668 2752 4719 genera-

726 4727 745 4755 ο
778 4682 998 4792 ὢν,
1010 4726 1237 4792 pao-ias]
1275 4726 1502 4795 wanting
1522 4727 1577 4778 in
1602 4728 1663 4781 P.
1749 4732 1784 4759 ‘⁸
1818 4728 1955 4781 tione
1973 4728 2201 4795 superius
2221 4733 2575 4787 memoratur.”

727 4797 749 4835 ⁸
786 4804 1095 4872 Granywyk]
1135 4806 1513 4874 Graungewyk,
1536 4808 1597 4860 P.
