3519 5734
500 1060 639 1109 A.D.
670 1066 791 1110 1221

499 1132 681 1177 -1235.

496 1214 775 1266 Westheit-

494 1282 613 1332 feld.

500 1372 667 1424 Grant
687 1374 750 1423 of

497 1440 619 1489 land
643 1440 772 1491 from

497 1506 809 1557 Sin-william

494 1574 697 1625 Rowth.

1811 586 1850 624 Q

834 854 964 915 422
1380 866 1729 917 monzons
1775 866 1994 916 ABBAS
2039 867 2392 917 sammua

844 1041 1135 1107 Waltero
1180 1042 1263 1107 do
1309 1040 1602 1127 Spinet0‚
1646 1062 1766 1125 pro
1811 1062 1976 1105 xxx,
2025 1038 2314 1105 denariis
2351 1041 2544 1106 nobis
2587 1040 2934 1106 annuatim

839 1144 1207 1209 reddendis.
1328 1142 1597 1209 Inte'rea
1660 1141 2032 1207 willelmus
2117 1142 2198 1207 de
2265 1142 2478 1219 Ruda,
2542 1142 2749 1223 milee‚
2818 1141 2934 1227 qui

832 1246 1143 1332 quinque
1186 1246 1462 1311 bovatas
1522 1251 1719 1317 terrae
1784 1242 1906 1310 de¹
1978 1242 2311 1311 Willelmo
2378 1244 2461 1310 de
2531 1246 2792 1329 Areyns
2866 1248 2936 1309 et

834 1354 967 1414 tres
1012 1348 1289 1414 bovatas
1335 1350 1416 1414 de
1480 1348 1733 1413 Thoma
1793 1346 1933 1413 filio
1972 1367 2116 1417 ,suo
2161 1347 2235 1410 in
2298 1345 2781 1432 Westheytfeld
2827 1368 2932 1411 ac-

834 1452 1186 1537 quirebat?
1216 1451 1417 1516 'dedit
1460 1450 1772 1537 praefat-as
1818 1449 2106 1535 quinque
2169 1442 2445 1515 box'ratas
2501 1449 2754 1515 Simoni
2797 1450 2934 1514 filio

834 1575 956 1619 suo
1018 1553 1321 1634 secundo,
1406 1552 1737 1618 reddendo
1791 1552 1918 1615 sibi
1985 1555 2053 1615 et
2120 1551 2472 1617 heredibus
2535 1552 2671 1617 suis
2732 1573 2936 1616 unam

835 1657 1071 1722 libram
1119 1678 1281 1722 cerae
1314 1674 1604 1721 annuam
1628 1654 1672 1734 3³
1717 1658 1786 1719 et
1829 1653 2118 1739 reliquas
2147 1658 2284 1719 tres
2328 1654 2607 1720 bovatas
2653 1654 2934 1720 Rainero

834 1764 902 1825 et
934 1759 1241 1825 ‘Roberto
1285 1758 1433 1823 aliis
1478 1758 1635 1821 filiis
1676 1756 1814 1821 suis
1881 1756 2294 1833 concedebat,
2359 1758 2694 1822 reddendo
2761 1757 2936 1823 dicto

834 1862 1100 1927 Thomae
1148 1862 1229 1926 de
1282 1860 1545 1944 Areyns
1567 1862 1591 1898 ⁴
1662 1856 2006 1941 dimidiam
2051 1858 2289 1923 libram
2333 1879 2498 1925 cerae
2545 1860 2934 1925 annuatim.⁵

836 1964 1089 2042 Postea,
1149 1985 1299 2028 cum
1366 1962 1505 2049 ipse
1529 1960 1556 1999 ⁶
1620 1960 1993 2027 willelmus
2069 1959 2157 2025 de
2222 1960 2432 2039 Euda,
2497 1960 2730 2040 miles,⁷
2773 1961 2937 2027 elee-

834 2088 1180 2150 mosynam
1245 2066 1541 2151 aliquam
1604 2063 1899 2129 consenc
1947 2063 2349 2129 monasterio
2415 2068 2644 2129 nostro
2719 2064 2934 2133 deere-
2999 2096 3006 2101 ·

833 2168 1057 2247 visset,
1104 2172 1173 2233 et
1216 2168 1540 2253 reliquam
1585 2165 2029 2231 hereditatem
2103 2186 2290 2230 suam
2335 2187 2376 2230 a
2421 2165 2752 2261 willelmo
2797 2166 2934 2231 filio

834 2292 951 2335 suo
996 2270 1247 2336 seniore
1295 2269 1593 2361 dividere
1616 2266 1643 2305 ⁸
1706 2267 2048 2347 noluisset,
2103 2288 2256 2332 cum
2301 2267 2600 2354 praefatis
2647 2268 2932 2334 Rainero

834 2378 903 2437 et
948 2372 1239 2438 Roberto
1298 2371 1457 2437 filiis
1526 2370 1662 2436 suis
1728 2373 1996 2455 pactum
2052 2367 2259 2449 iniit„o
2322 2378 2400 2434 ut
2445 2391 2598 2435 eum
2643 2370 2728 2435 de
2768 2392 2932 2458 prae-

832 2474 989 2540 fatis
1030 2474 1249 2540 tribus
1292 2473 1564 2539 bovatis
1605 2477 1800 2537 terrae
1821 2469 1873 2509 ¹⁰
1893 2471 2330 2549 refeoffarent‚
2362 2477 2430 2537 et
2479 2494 2710 2537 eorum
2753 2480 2930 2539 uter-

832 2598 961 2663 que
1004 2598 1121 2664 pro
1166 2580 1315 2641 tota
1358 2575 1505 2640 vita
1554 2595 1675 2639 sua
1717 2573 1968 2659 viginti
2011 2572 2254 2637 solidos
2298 2574 2668 2661 perciperet
2720 2596 2929 2639 annu·
2969 2642 2976 2647 ,

830 2680 1011 2746 atim.
1080 2724 1095 2740 .
1124 2678 1304 2758 Quas
1358 2676 1627 2763 quidem
1694 2680 1832 2740 tres
1877 2675 2157 2740 bovatas
2177 2672 2224 2711 ¹¹
2292 2698 2442 2741 cum
2489 2678 2704 2741 tribus
2747 2677 2934 2742 tostis

726 2816 743 2835 ·
836 2781 925 2847 ad
970 2802 1077 2847 eas
1122 2778 1613 2869 pertinentibus
1676 2777 1769 2842 sio
1821 2784 2192 2865 reacceptas
2215 2775 2268 2814 ¹⁹
2337 2778 2514 2843 idem
2562 2778 2932 2846 Willelmus

834 2885 1052 2951 senior
1103 2883 1499 2948 monasterio
1580 2886 1812 2946 nostro
1857 2881 2235 2946 conferebat
2262 2905 2279 2962 3
2355 2882 2694 2949 reddendo
2761 2884 2932 2949 dicto

834 2987 1106 3080 Thomae
1154 2985 1235 3051 de
1270 2986 1535 3070 Axeyns
1559 2982 1610 3022 ¹⁸
1656 2983 2005 3048 dimidiam
2051 2983 2292 3048 libram
2337 3005 2502 3052 cerae
2545 2987 2934 3065 annuatim3

834 3089 1167 3155 Willelmo
1197 3089 1279 3154 de
1310 3087 1507 3178 Ruda
1538 3087 1809 3173 juniore
1850 3091 1919 3150 et
1937 3083 1988 3122 ¹⁴
2021 3085 2328 3172 Raynero
2357 3109 2434 3152 ac
2465 3087 2774 3169 RobertO,
2805 3089 2934 3153 fra-

831 3193 1051 3259 tribus
1096 3191 1234 3257 suis
1270 3189 1624 3278 praedictiS,
1654 3187 1849 3254 nobis
1893 3187 2436 3254 confirmantibus
2479 3190 2690 3278 ipsam
2735 3191 2936 3256 dona-

833 3296 1101 3361 tionem.
1194 3293 1326 3360 Sed
1356 3297 1584 3358 tamen
1631 3311 1748 3356 nos
1783 3287 1836 3327 ¹⁶
1858 3289 2153 3376 praefatis
2197 3291 2484 3357 Rainero
2528 3300 2599 3358 et
2645 3293 2934 3358 Roberto

831 3395 905 3461 in
966 3395 1057 3460 xl.
1122 3395 1352 3460 solidis
1396 3391 1635 3459 annuis
1654 3389 1705 3429 ¹⁶
1748 3390 1835 3456 ad
1902 3396 2118 3456 totam
2180 3392 2393 3458 vitam
2461 3415 2651 3460 suam
2693 3393 2934 3460 fuimus

901 3663 915 3692 ¹
951 3661 1106 3710 After
1126 3658 1184 3710 de
1205 3658 1364 3709 insert
1385 3658 1609 3720 domino,
1631 3657 1692 3707 P.
1863 3657 1872 3664 '
1955 3631 1966 3642 ο
2003 3658 2024 3686 ⁸
2049 3665 2254 3724 pactum
2275 3659 2414 3725 iniit]
2453 3661 2802 3722 concordabat,
2823 3660 2882 3712 P.
2947 3697 2958 3705 -

896 3743 919 3772 ²
950 3740 1111 3791 Aster.
1126 3736 1417 3803 acquirebat
1437 3737 1611 3800 insert,
1631 3749 1837 3801 sperans
2003 3737 2042 3768 ¹⁰
2053 3737 2207 3788 After
2221 3745 2360 3789 terroe
2383 3739 2542 3790 insert
2562 3755 2689 3805 quae
2710 3740 2784 3790 eis
2799 3738 2933 3804 prius

831 3819 1145 3870 willelmum
1208 3816 1374 3866 filium
1450 3831 1596 3865 suum
1650 3815 1838 3880 primo-
1933 3816 2156 3880 dederat,
2177 3817 2244 3870 P.
2283 3841 2292 3850 ·

830 3897 1133 3965 genitum,ei
1146 3894 1495 3960 supervixerit,
1510 3895 1837 3946 hereditatem
2002 3896 2034 3926 ¹¹
2060 3894 2204 3956 Quae
2236 3932 2249 3946 .
2287 3933 2300 3946 .
2335 3895 2564 3962 ὂουαιαε]
2603 3897 2800 3960 Quibus
2815 3915 2934 3965 ergo

834 3993 976 4030 suam
1000 3975 1170 4027 sortiri
1195 3976 1391 4036 debere,
1415 3975 1476 4024 P.
1937 3979 1968 4024 3
1990 3975 2190 4025 bovatis
2223 3975 2298 4026 sic
2325 3977 2616 4041 reacceptis,
2650 3979 2783 4028 idem
2805 3979 2934 4030 Wil-

896 4059 917 4088 *
949 4054 1185 4107 reddendo
1207 4091 1221 4105 .
1262 4091 1277 4106 .
1314 4091 1328 4104 .
1367 4091 1379 4104 .
1417 4052 1659 4118 annuam]
1722 4052 1836 4104 The
1931 4053 2114 4104 lelmus
2157 4053 2327 4105 senior
2346 4055 2479 4120 ipsas
2497 4063 2528 4105 3
2545 4057 2754 4108 bovatas
2775 4064 2935 4120 ten-11¹,

830 4142 1187 4201 arrangement
1222 4133 1286 4183 of
1314 4133 1480 4182 words
1518 4132 1562 4182 is
1598 4131 1838 4184 different
1930 4132 1991 4184 P.

828 4216 885 4266 in
907 4217 967 4266 P.
1752 4275 1763 4285 ⁰
1999 4213 2037 4243 ¹²
2069 4213 2142 4262 sic
2163 4213 2475 4279 rem-ceptae]
2515 4215 2746 4280 wanting
2765 4217 2819 4266 in
2841 4217 2901 4269 P.

899 4295 919 4324 ⁴
951 4291 1168 4357 Areym]
1206 4289 1457 4356 Ari-erne,
1478 4289 1539 4339 P.
1999 4293 2036 4322 ¹⁸
2069 4291 2287 4357 Areyns]
2327 4292 2576 4357 Artena,
2597 4295 2657 4344 P.

894 4376 916 4404 ⁸
950 4372 1101 4423 After
1121 4371 1377 4421 annuatim
1415 4371 1592 4432 insert,
1627 4367 1858 4435 praefiito'
2000 4372 2038 4401 ¹⁴
2071 4370 2132 4420 de
2167 4409 2179 4421 .
2217 4408 2230 4423 .
2261 4372 2451 4434 iuniori
2486 4372 2559 4438 et]
2609 4373 2717 4425 filio
2755 4389 2864 4436 suc,
2885 4382 2937 4425 et

828 4451 1091 4503 Willelmo
1133 4451 1197 4501 de
1218 4449 1370 4500 Ruda
1394 4449 1598 4514 juniore
1626 4449 1836 4514 praedie-
1931 4450 2254 4517 praescriptia,
2277 4451 2336 4502 P.

828 4540 907 4583 tas
930 4529 1227 4582 donationes
1250 4527 1599 4590 conflrmante,
1622 4528 1684 4579 P.
2000 4531 2037 4561 ¹⁸
2053 4529 2204 4580 After
2227 4547 2316 4582 noe
2336 4529 2508 4592 insert,
2529 4530 2585 4580 in
2607 4533 2935 4597 acquisitione

895 4613 916 4643 ⁸
948 4609 1102 4660 Aster
1122 4610 1229 4674 ipse
1251 4607 1411 4657 insert
1432 4607 1680 4670 dominus,
1706 4607 1766 4658 P.
1931 4610 2152 4672 ipsarum
2178 4609 2332 4660 trium
2353 4611 2650 4662 bovatarum
2671 4619 2834 4672 terrae,
2857 4611 2915 4662 Ρ.

896 4693 915 4722 ’
948 4686 1107 4753 miles]
1146 4687 1328 4745 senior,
1350 4686 1411 4738 P.
1652 4721 1671 4744 .
1999 4688 2038 4719 ¹⁸
2069 4687 2222 4738 After
2241 4691 2423 4739 areanis
2443 4690 2616 4758 insert,
2647 4693 2842 4757 utrique
2859 4693 2936 4741 vi-

893 4773 913 4800 ·
946 4787 981 4820 ιι
1016 4808 1029 4820 .
1066 4807 1079 4821 .
1116 4805 1129 4820 .
1162 4767 1400 4848 dividere]
1440 4767 1670 4833 wanting
1692 4767 1746 4817 in
1771 4767 1831 4818 P.
1931 4769 2115 4819 delicet
2136 4773 2201 4818 20
2225 4768 2414 4831 solidis,
2440 4768 2500 4822 P.
