<?xml version="1.0" encoding="UTF-8"?>
<!DOCTYPE html PUBLIC "-//W3C//DTD XHTML 1.0 Transitional//EN"
    "http://www.w3.org/TR/xhtml1/DTD/xhtml1-transitional.dtd">
<html xmlns="http://www.w3.org/1999/xhtml" xml:lang="en" lang="en">
 <head>
  <title>
</title>
<meta http-equiv="Content-Type" content="text/html;charset=utf-8" />
  <meta name='ocr-system' content='tesseract 3.04.00' />
  <meta name='ocr-capabilities' content='ocr_page ocr_carea ocr_par ocr_line ocrx_word'/>
</head>
<body>
  <div class='ocr_page' id='page_1' title='image "./chronicamonaste00burtgoog_0273.png"; bbox 0 0 3519 5734; ppageno 0'>
   <div class='ocr_carea' id='block_1_1' title="bbox 821 819 2386 880">
    <p class='ocr_par' dir='ltr' id='par_1_1' title="bbox 821 819 2386 880">
     <span class='ocr_line' id='line_1_1' title="bbox 821 819 2386 880; baseline -0.002 0"><span class='ocrx_word' id='word_1_1' title='bbox 821 819 949 880; x_wconf 76' lang='lat'><strong>180</strong></span> <span class='ocrx_word' id='word_1_2' title='bbox 1337 828 1707 878; x_wconf 86' lang='lat' dir='ltr'><strong>PHILIPPUS</strong></span> <span class='ocrx_word' id='word_1_3' title='bbox 1750 827 1970 878; x_wconf 77' lang='lat' dir='ltr'>ABBAS</span> <span class='ocrx_word' id='word_1_4' title='bbox 2013 827 2386 878; x_wconf 76' lang='lat' dir='ltr'>SECUNDUS.</span> 
     </span>
    </p>
   </div>
   <div class='ocr_carea' id='block_1_2' title="bbox 485 999 2913 1073">
    <p class='ocr_par' dir='ltr' id='par_1_2' title="bbox 485 999 2913 1073">
     <span class='ocr_line' id='line_1_2' title="bbox 485 999 2913 1073; baseline -0.003 -13"><span class='ocrx_word' id='word_1_5' title='bbox 485 1007 623 1060; x_wconf 83' lang='lat' dir='ltr'><strong>A.D.</strong></span> <span class='ocrx_word' id='word_1_6' title='bbox 648 1015 671 1059; x_wconf 81' lang='lat'>1</span> <span class='ocrx_word' id='word_1_7' title='bbox 682 1015 775 1060; x_wconf 77' lang='lat'><strong>159</strong></span> <span class='ocrx_word' id='word_1_8' title='bbox 820 1002 1113 1058; x_wconf 85' lang='lat' dir='ltr'><strong>Oalixtum</strong></span> <span class='ocrx_word' id='word_1_9' title='bbox 1132 1005 1193 1056; x_wconf 89' lang='lat' dir='ltr'><strong>et</strong></span> <span class='ocrx_word' id='word_1_10' title='bbox 1209 1007 1453 1073; x_wconf 85' lang='lat' dir='ltr'><strong>quartus</strong></span> <span class='ocrx_word' id='word_1_11' title='bbox 1472 1002 1898 1058; x_wconf 88' lang='lat' dir='ltr'><strong>Innocentium.</strong></span> <span class='ocrx_word' id='word_1_12' title='bbox 1975 1000 2236 1070; x_wconf 84' lang='lat' dir='ltr'><strong>Quorum</strong></span> <span class='ocrx_word' id='word_1_13' title='bbox 2253 1006 2376 1056; x_wconf 85' lang='lat' dir='ltr'><strong>tres</strong></span> <span class='ocrx_word' id='word_1_14' title='bbox 2391 1001 2631 1056; x_wconf 79' lang='lat' dir='ltr'><strong>fuerunt</strong></span> <span class='ocrx_word' id='word_1_15' title='bbox 2665 999 2913 1072; x_wconf 81' lang='lat' dir='ltr'><strong>presby-</strong></span> 
     </span>
    </p>
   </div>
   <div class='ocr_carea' id='block_1_3' title="bbox 446 1081 2944 4467">
    <p class='ocr_par' dir='ltr' id='par_1_3' title="bbox 446 1081 2944 4467">
     <span class='ocr_line' id='line_1_3' title="bbox 479 1081 2908 1166; baseline -0.002 -15"><span class='ocrx_word' id='word_1_16' title='bbox 479 1081 665 1128; x_wconf 74' lang='lat'><strong>“¹¹⁸⁵·</strong></span> <span class='ocrx_word' id='word_1_17' title='bbox 816 1096 932 1152; x_wconf 88' lang='lat' dir='ltr'><strong>teri</strong></span> <span class='ocrx_word' id='word_1_18' title='bbox 948 1095 1293 1162; x_wconf 77' lang='lat' dir='ltr'><strong>cardinales,</strong></span> <span class='ocrx_word' id='word_1_19' title='bbox 1326 1087 1443 1152; x_wconf 83' lang='lat' dir='ltr'><strong>sed</strong></span> <span class='ocrx_word' id='word_1_20' title='bbox 1487 1109 1715 1152; x_wconf 81' lang='lat' dir='ltr'><strong>omnes</strong></span> <span class='ocrx_word' id='word_1_21' title='bbox 1761 1135 1777 1152; x_wconf 96' lang='lat'><strong>.</strong></span> <span class='ocrx_word' id='word_1_22' title='bbox 1827 1135 1844 1152; x_wconf 92' lang='lat'><strong>.</strong></span> <span class='ocrx_word' id='word_1_23' title='bbox 1895 1139 1907 1152; x_wconf 89' lang='lat'><strong>.</strong></span> <span class='ocrx_word' id='word_1_24' title='bbox 1984 1113 2092 1166; x_wconf 83' lang='lat' dir='ltr'><strong>per</strong></span> <span class='ocrx_word' id='word_1_25' title='bbox 2126 1093 2528 1150; x_wconf 77' lang='lat' dir='ltr'><strong>Alexandrum</strong></span> <span class='ocrx_word' id='word_1_26' title='bbox 2561 1109 2776 1165; x_wconf 85' lang='lat' dir='ltr'><strong>papam</strong></span> <span class='ocrx_word' id='word_1_27' title='bbox 2811 1109 2908 1146; x_wconf 85' lang='lat' dir='ltr'><strong>ex·</strong></span> 
     </span>
     <span class='ocr_line' id='line_1_4' title="bbox 817 1183 2904 1269; baseline -0.002 -17"><span class='ocrx_word' id='word_1_28' title='bbox 817 1197 1225 1254; x_wconf 79' lang='lat' dir='ltr'><strong>communicati</strong></span> <span class='ocrx_word' id='word_1_29' title='bbox 1248 1197 1405 1253; x_wconf 84' lang='lat' dir='ltr'><strong>mala</strong></span> <span class='ocrx_word' id='word_1_30' title='bbox 1424 1207 1615 1254; x_wconf 87' lang='lat' dir='ltr'><strong>morte</strong></span> <span class='ocrx_word' id='word_1_31' title='bbox 1647 1197 1972 1269; x_wconf 87' lang='lat' dir='ltr'><strong>perierunt.</strong></span> <span class='ocrx_word' id='word_1_32' title='bbox 2067 1183 2234 1252; x_wconf 81' lang='lat' dir='ltr'><strong>¹Per</strong></span> <span class='ocrx_word' id='word_1_33' title='bbox 2279 1187 2624 1252; x_wconf 75' lang='lat' dir='ltr'><strong>continuos</strong></span> <span class='ocrx_word' id='word_1_34' title='bbox 2682 1190 2904 1249; x_wconf 78' lang='lat' dir='ltr'><strong>tamen</strong></span> 
     </span>
     <span class='ocr_line' id='line_1_5' title="bbox 818 1283 2907 1377; baseline -0.002 -23"><span class='ocrx_word' id='word_1_35' title='bbox 818 1293 901 1354; x_wconf 91' lang='lat'><strong>18</strong></span> <span class='ocrx_word' id='word_1_36' title='bbox 948 1312 1154 1355; x_wconf 87' lang='lat' dir='ltr'><strong>annos</strong></span> <span class='ocrx_word' id='word_1_37' title='bbox 1219 1290 1442 1356; x_wconf 86' lang='lat' dir='ltr'><strong>favore</strong></span> <span class='ocrx_word' id='word_1_38' title='bbox 1508 1289 1836 1356; x_wconf 89' lang='lat' dir='ltr'><strong>Frederici</strong></span> <span class='ocrx_word' id='word_1_39' title='bbox 1897 1289 2310 1377; x_wconf 87' lang='lat' dir='ltr'><strong>imperatoris</strong></span> <span class='ocrx_word' id='word_1_40' title='bbox 2369 1289 2730 1354; x_wconf 77' lang='lat' dir='ltr'><strong>successive</strong></span> <span class='ocrx_word' id='word_1_41' title='bbox 2775 1283 2907 1351; x_wconf 81' lang='lat' dir='ltr'><strong>suf-</strong></span> 
     </span>
     <span class='ocr_line' id='line_1_6' title="bbox 476 1391 2905 1480; baseline 0.001 -30"><span class='ocrx_word' id='word_1_42' title='bbox 476 1399 693 1453; x_wconf 72' lang='lat' dir='ltr'><strong>Aetions</strong></span> <span class='ocrx_word' id='word_1_43' title='bbox 715 1403 777 1453; x_wconf 78' lang='lat' dir='ltr'><strong>of</strong></span> <span class='ocrx_word' id='word_1_44' title='bbox 811 1391 966 1458; x_wconf 85' lang='lat' dir='ltr'><strong>fulti</strong></span> <span class='ocrx_word' id='word_1_45' title='bbox 1040 1393 1497 1480; x_wconf 74' lang='lat' dir='ltr'><strong>perdurarunt.</strong></span> <span class='ocrx_word' id='word_1_46' title='bbox 1591 1391 1725 1458; x_wconf 89' lang='lat' dir='ltr'><strong>Hic</strong></span> <span class='ocrx_word' id='word_1_47' title='bbox 1787 1398 2012 1458; x_wconf 88' lang='lat' dir='ltr'><strong>autem</strong></span> <span class='ocrx_word' id='word_1_48' title='bbox 2081 1393 2464 1459; x_wconf 87' lang='lat' dir='ltr'><strong>Fredericus</strong></span> <span class='ocrx_word' id='word_1_49' title='bbox 2529 1393 2905 1478; x_wconf 88' lang='lat' dir='ltr'><strong>imperator,</strong></span> 
     </span>
     <span class='ocr_line' id='line_1_7' title="bbox 474 1467 2902 1598; baseline -0.002 -38"><span class='ocrx_word' id='word_1_50' title='bbox 474 1467 765 1598; x_wconf 50' lang='lat' dir='ltr'><strong>{¹¹32ng</strong></span> <span class='ocrx_word' id='word_1_51' title='bbox 812 1517 963 1561; x_wconf 92' lang='lat' dir='ltr'><strong>cum</strong></span> <span class='ocrx_word' id='word_1_52' title='bbox 1022 1495 1404 1561; x_wconf 75' lang='lat' dir='ltr'><strong>Alexander</strong></span> <span class='ocrx_word' id='word_1_53' title='bbox 1467 1517 1641 1583; x_wconf 88' lang='lat' dir='ltr'><strong>papa</strong></span> <span class='ocrx_word' id='word_1_54' title='bbox 1701 1497 1788 1560; x_wconf 90' lang='lat' dir='ltr'><strong>ad</strong></span> <span class='ocrx_word' id='word_1_55' title='bbox 1850 1509 2070 1583; x_wconf 80' lang='lat' dir='ltr'><strong>regem</strong></span> <span class='ocrx_word' id='word_1_56' title='bbox 2140 1495 2541 1561; x_wconf 81' lang='lat' dir='ltr'><strong>Francorum</strong></span> <span class='ocrx_word' id='word_1_57' title='bbox 2606 1493 2902 1580; x_wconf 75' lang='lat' dir='ltr'><strong>fugisset,</strong></span> 
     </span>
     <span class='ocr_line' id='line_1_8' title="bbox 478 1595 2907 1685; baseline 0.002 -34"><span class='ocrx_word' id='word_1_58' title='bbox 478 1602 634 1654; x_wconf 74' lang='lat' dir='ltr'><strong>derio.</strong></span> <span class='ocrx_word' id='word_1_59' title='bbox 811 1612 1203 1685; x_wconf 86' lang='lat' dir='ltr'><strong>congregata</strong></span> <span class='ocrx_word' id='word_1_60' title='bbox 1266 1621 1504 1685; x_wconf 86' lang='lat' dir='ltr'><strong>magna</strong></span> <span class='ocrx_word' id='word_1_61' title='bbox 1566 1597 1996 1664; x_wconf 87' lang='lat' dir='ltr'><strong>multitudine</strong></span> <span class='ocrx_word' id='word_1_62' title='bbox 2059 1597 2408 1664; x_wconf 82' lang='lat' dir='ltr'><strong>Dacorum&#39;</strong></span> <span class='ocrx_word' id='word_1_63' title='bbox 2445 1603 2514 1663; x_wconf 90' lang='lat' dir='ltr'><strong>et</strong></span> <span class='ocrx_word' id='word_1_64' title='bbox 2560 1595 2907 1662; x_wconf 88' lang='lat' dir='ltr'><strong>Bohemio-</strong></span> 
     </span>
     <span class='ocr_line' id='line_1_9' title="bbox 810 1699 2906 1788; baseline -0.002 -22"><span class='ocrx_word' id='word_1_65' title='bbox 810 1723 972 1780; x_wconf 88' lang='lat' dir='ltr'><strong>rum,</strong></span> <span class='ocrx_word' id='word_1_66' title='bbox 1015 1723 1233 1788; x_wconf 90' lang='lat' dir='ltr'><strong>regem</strong></span> <span class='ocrx_word' id='word_1_67' title='bbox 1282 1701 1681 1766; x_wconf 84' lang='lat' dir='ltr'><strong>Francorum</strong></span> <span class='ocrx_word' id='word_1_68' title='bbox 1724 1701 1801 1766; x_wconf 92' lang='lat' dir='ltr'><strong>in</strong></span> <span class='ocrx_word' id='word_1_69' title='bbox 1846 1699 2301 1788; x_wconf 84' lang='lat' dir='ltr'><strong>Burgundiam</strong></span> <span class='ocrx_word' id='word_1_70' title='bbox 2339 1700 2612 1765; x_wconf 87' lang='lat' dir='ltr'><strong>veniens</strong></span> <span class='ocrx_word' id='word_1_71' title='bbox 2655 1718 2906 1785; x_wconf 87' lang='lat' dir='ltr'><strong>oppug-</strong></span> 
     </span>
     <span class='ocr_line' id='line_1_10' title="bbox 808 1801 2902 1890; baseline -0.002 -22"><span class='ocrx_word' id='word_1_72' title='bbox 808 1805 1013 1869; x_wconf 86' lang='lat' dir='ltr'><strong>navit.</strong></span> <span class='ocrx_word' id='word_1_73' title='bbox 1062 1803 1194 1869; x_wconf 86' lang='lat' dir='ltr'><strong>Sed</strong></span> <span class='ocrx_word' id='word_1_74' title='bbox 1224 1825 1376 1890; x_wconf 86' lang='lat' dir='ltr'><strong>rege</strong></span> <span class='ocrx_word' id='word_1_75' title='bbox 1400 1802 1667 1890; x_wconf 86' lang='lat' dir='ltr'><strong>Angliae</strong></span> <span class='ocrx_word' id='word_1_76' title='bbox 1688 1803 1829 1889; x_wconf 90' lang='lat' dir='ltr'><strong>regi</strong></span> <span class='ocrx_word' id='word_1_77' title='bbox 1861 1802 2268 1869; x_wconf 81' lang='lat' dir='ltr'><strong>Francorum</strong></span> <span class='ocrx_word' id='word_1_78' title='bbox 2297 1801 2626 1867; x_wconf 83' lang='lat' dir='ltr'><strong>auxilium</strong></span> <span class='ocrx_word' id='word_1_79' title='bbox 2652 1801 2902 1866; x_wconf 86' lang='lat' dir='ltr'><strong>ferente</strong></span> 
     </span>
     <span class='ocr_line' id='line_1_11' title="bbox 809 1905 2902 1993; baseline -0.002 -23"><span class='ocrx_word' id='word_1_80' title='bbox 809 1907 907 1970; x_wconf 93' lang='lat' dir='ltr'><strong>nil</strong></span> <span class='ocrx_word' id='word_1_81' title='bbox 934 1905 1224 1993; x_wconf 88' lang='lat' dir='ltr'><strong>profecit.</strong></span> <span class='ocrx_word' id='word_1_82' title='bbox 1276 1905 1476 1971; x_wconf 90' lang='lat' dir='ltr'><strong>Unde</strong></span> <span class='ocrx_word' id='word_1_83' title='bbox 1508 1910 1576 1971; x_wconf 88' lang='lat' dir='ltr'><strong>et</strong></span> <span class='ocrx_word' id='word_1_84' title='bbox 1607 1905 2076 1984; x_wconf 83' lang='lat' dir='ltr'><strong>Mediolanum,</strong></span> <span class='ocrx_word' id='word_1_85' title='bbox 2109 1907 2296 1992; x_wconf 89' lang='lat' dir='ltr'><strong>cujus</strong></span> <span class='ocrx_word' id='word_1_86' title='bbox 2317 1905 2492 1970; x_wconf 90' lang='lat' dir='ltr'><strong>muri</strong></span> <span class='ocrx_word' id='word_1_87' title='bbox 2522 1912 2682 1970; x_wconf 89' lang='lat' dir='ltr'><strong>tunc</strong></span> <span class='ocrx_word' id='word_1_88' title='bbox 2711 1908 2902 1968; x_wconf 89' lang='lat' dir='ltr'><strong>erant</strong></span> 
     </span>
     <span class='ocr_line' id='line_1_12' title="bbox 808 2005 2902 2095; baseline -0.002 -21"><span class='ocrx_word' id='word_1_89' title='bbox 808 2008 1129 2086; x_wconf 73' lang='lat' dir='ltr'><strong>altissimi,</strong></span> <span class='ocrx_word' id='word_1_90' title='bbox 1177 2007 1300 2072; x_wconf 87' lang='lat' dir='ltr'><strong>sub</strong></span> <span class='ocrx_word' id='word_1_91' title='bbox 1368 2029 1541 2074; x_wconf 89' lang='lat' dir='ltr'><strong>anno</strong></span> <span class='ocrx_word' id='word_1_92' title='bbox 1584 2008 1822 2095; x_wconf 87' lang='lat' dir='ltr'><strong>gratiae</strong></span> <span class='ocrx_word' id='word_1_93' title='bbox 1870 2011 2044 2075; x_wconf 84' lang='lat'>1162</span> <span class='ocrx_word' id='word_1_94' title='bbox 2111 2008 2412 2074; x_wconf 86' lang='lat' dir='ltr'><strong>funditus</strong></span> <span class='ocrx_word' id='word_1_95' title='bbox 2457 2005 2789 2072; x_wconf 81' lang='lat' dir='ltr'><strong>destruxit</strong></span> <span class='ocrx_word' id='word_1_96' title='bbox 2833 2011 2902 2070; x_wconf 87' lang='lat' dir='ltr'><strong>et</strong></span> 
     </span>
     <span class='ocr_line' id='line_1_13' title="bbox 470 2108 2903 2200; baseline -0.001 -26"><span class='ocrx_word' id='word_1_97' title='bbox 470 2121 710 2200; x_wconf 60' lang='lat' dir='ltr'><strong>&#39;lransla-</strong></span> <span class='ocrx_word' id='word_1_98' title='bbox 805 2111 881 2176; x_wconf 92' lang='lat' dir='ltr'><strong>in</strong></span> <span class='ocrx_word' id='word_1_99' title='bbox 909 2111 1193 2176; x_wconf 89' lang='lat' dir='ltr'><strong>cinerem</strong></span> <span class='ocrx_word' id='word_1_100' title='bbox 1224 2110 1581 2197; x_wconf 84' lang='lat' dir='ltr'><strong>redigebat.</strong></span> <span class='ocrx_word' id='word_1_101' title='bbox 1674 2110 1821 2191; x_wconf 82' lang='lat' dir='ltr'><strong>Quo</strong></span> <span class='ocrx_word' id='word_1_102' title='bbox 1853 2110 2204 2190; x_wconf 82' lang='lat' dir='ltr'><strong>destructO,</strong></span> <span class='ocrx_word' id='word_1_103' title='bbox 2237 2109 2607 2176; x_wconf 81' lang='lat' dir='ltr'><strong>Radhulfus</strong></span> <span class='ocrx_word' id='word_1_104' title='bbox 2639 2108 2903 2174; x_wconf 81' lang='lat' dir='ltr'><strong>Coloni-</strong></span> 
     </span>
     <span class='ocr_line' id='line_1_14' title="bbox 465 2192 2899 2310; baseline -0.001 -32"><span class='ocrx_word' id='word_1_105' title='bbox 465 2192 724 2310; x_wconf 40' lang='lat' dir='ltr'><strong>&amp;digus</strong></span> <span class='ocrx_word' id='word_1_106' title='bbox 807 2213 982 2279; x_wconf 87' lang='lat' dir='ltr'><strong>ensis</strong></span> <span class='ocrx_word' id='word_1_107' title='bbox 1012 2213 1532 2300; x_wconf 84' lang='lat' dir='ltr'><strong>archiepiscopus</strong></span> <span class='ocrx_word' id='word_1_108' title='bbox 1576 2213 1785 2277; x_wconf 87' lang='lat' dir='ltr'><strong>trium</strong></span> <span class='ocrx_word' id='word_1_109' title='bbox 1817 2234 2158 2300; x_wconf 80' lang='lat' dir='ltr'><strong>magorum</strong></span> <span class='ocrx_word' id='word_1_110' title='bbox 2203 2234 2490 2300; x_wconf 85' lang='lat' dir='ltr'><strong>corpora,</strong></span> <span class='ocrx_word' id='word_1_111' title='bbox 2520 2212 2602 2276; x_wconf 90' lang='lat' dir='ltr'><strong>de</strong></span> <span class='ocrx_word' id='word_1_112' title='bbox 2632 2210 2899 2276; x_wconf 87' lang='lat' dir='ltr'><strong>Perside</strong></span> 
     </span>
     <span class='ocr_line' id='line_1_15' title="bbox 465 2313 2898 2403; baseline 0.002 -32"><span class='ocrx_word' id='word_1_113' title='bbox 465 2321 552 2372; x_wconf 78' lang='lat' dir='ltr'><strong>the</strong></span> <span class='ocrx_word' id='word_1_114' title='bbox 573 2324 712 2402; x_wconf 57' lang='lat' dir='ltr'><strong>qhoee</strong></span> <span class='ocrx_word' id='word_1_115' title='bbox 806 2317 962 2382; x_wconf 90' lang='lat' dir='ltr'><strong>olim</strong></span> <span class='ocrx_word' id='word_1_116' title='bbox 1010 2315 1651 2402; x_wconf 84' lang='lat' dir='ltr'><strong>Constantinopolim</strong></span> <span class='ocrx_word' id='word_1_117' title='bbox 1679 2315 1766 2380; x_wconf 89' lang='lat' dir='ltr'><strong>ab</strong></span> <span class='ocrx_word' id='word_1_118' title='bbox 1801 2315 2197 2403; x_wconf 87' lang='lat' dir='ltr'><strong>imperatore</strong></span> <span class='ocrx_word' id='word_1_119' title='bbox 2241 2315 2582 2392; x_wconf 84' lang='lat' dir='ltr'><strong>translata,</strong></span> <span class='ocrx_word' id='word_1_120' title='bbox 2628 2320 2699 2378; x_wconf 89' lang='lat' dir='ltr'><strong>et</strong></span> <span class='ocrx_word' id='word_1_121' title='bbox 2741 2313 2898 2378; x_wconf 91' lang='lat' dir='ltr'><strong>inde</strong></span> 
     </span>
     <span class='ocr_line' id='line_1_16' title="bbox 466 2403 2896 2505; baseline -0.002 -20"><span class='ocrx_word' id='word_1_122' title='bbox 466 2403 618 2455; x_wconf 54' lang='grc' dir='ltr'><strong>ΜΨ·</strong></span> <span class='ocrx_word' id='word_1_123' title='bbox 802 2442 845 2484; x_wconf 85' lang='lat' dir='ltr'><strong>a</strong></span> <span class='ocrx_word' id='word_1_124' title='bbox 888 2419 1135 2484; x_wconf 88' lang='lat' dir='ltr'><strong>Sancto</strong></span> <span class='ocrx_word' id='word_1_125' title='bbox 1168 2417 1483 2505; x_wconf 86' lang='lat' dir='ltr'><strong>Gregorio</strong></span> <span class='ocrx_word' id='word_1_126' title='bbox 1506 2415 1534 2452; x_wconf 73' lang='lat'><strong>⁹</strong></span> <span class='ocrx_word' id='word_1_127' title='bbox 1579 2417 2027 2482; x_wconf 83' lang='lat' dir='ltr'><strong>Mediolanum</strong></span> <span class='ocrx_word' id='word_1_128' title='bbox 2071 2418 2458 2484; x_wconf 84' lang='lat' dir='ltr'><strong>miraculose</strong></span> <span class='ocrx_word' id='word_1_129' title='bbox 2500 2421 2896 2494; x_wconf 85' lang='lat' dir='ltr'><strong>transvecta,</strong></span> 
     </span>
     <span class='ocr_line' id='line_1_17' title="bbox 804 2519 2898 2608; baseline -0.002 -19"><span class='ocrx_word' id='word_1_130' title='bbox 804 2522 1147 2589; x_wconf 85' lang='lat' dir='ltr'><strong>Coloniam</strong></span> <span class='ocrx_word' id='word_1_131' title='bbox 1210 2521 1705 2608; x_wconf 83' lang='lat' dir='ltr'><strong>transportavit.</strong></span> <span class='ocrx_word' id='word_1_132' title='bbox 1816 2519 2102 2586; x_wconf 87' lang='lat' dir='ltr'><strong>Interim</strong></span> <span class='ocrx_word' id='word_1_133' title='bbox 2164 2525 2388 2586; x_wconf 85' lang='lat' dir='ltr'><strong>autem</strong></span> <span class='ocrx_word' id='word_1_134' title='bbox 2461 2520 2796 2585; x_wconf 85' lang='lat' dir='ltr'><strong>Albanum</strong></span> <span class='ocrx_word' id='word_1_135' title='bbox 2855 2542 2898 2584; x_wconf 86' lang='lat' dir='ltr'><strong>a</strong></span> 
     </span>
     <span class='ocr_line' id='line_1_18' title="bbox 463 2621 2896 2718; baseline 0 -32"><span class='ocrx_word' id='word_1_136' title='bbox 463 2627 577 2678; x_wconf 83' lang='lat' dir='ltr'><strong>The</strong></span> <span class='ocrx_word' id='word_1_137' title='bbox 598 2646 703 2718; x_wconf 60' lang='lat' dir='ltr'><strong>qm·</strong></span> <span class='ocrx_word' id='word_1_138' title='bbox 804 2623 1120 2689; x_wconf 84' lang='lat' dir='ltr'><strong>Romanis</strong></span> <span class='ocrx_word' id='word_1_139' title='bbox 1166 2628 1527 2688; x_wconf 88' lang='lat' dir='ltr'><strong>crematum</strong></span> <span class='ocrx_word' id='word_1_140' title='bbox 1591 2626 1707 2686; x_wconf 89' lang='lat' dir='ltr'><strong>est.</strong></span> <span class='ocrx_word' id='word_1_141' title='bbox 1815 2622 2053 2688; x_wconf 85' lang='lat' dir='ltr'><strong>Postea</strong></span> <span class='ocrx_word' id='word_1_142' title='bbox 2115 2621 2498 2688; x_wconf 88' lang='lat' dir='ltr'><strong>Fredericus</strong></span> <span class='ocrx_word' id='word_1_143' title='bbox 2542 2623 2896 2708; x_wconf 88' lang='lat' dir='ltr'><strong>imperator</strong></span> 
     </span>
     <span class='ocr_line' id='line_1_19' title="bbox 462 2711 2894 2816; baseline 0.001 -26"><span class='ocrx_word' id='word_1_144' title='bbox 462 2711 730 2816; x_wconf 42' lang='lat' dir='ltr'><strong>{2¹33ssoe</strong></span> <span class='ocrx_word' id='word_1_145' title='bbox 799 2727 1162 2792; x_wconf 86' lang='lat' dir='ltr'><strong>exercitum</strong></span> <span class='ocrx_word' id='word_1_146' title='bbox 1209 2726 1409 2790; x_wconf 89' lang='lat' dir='ltr'><strong>duxit</strong></span> <span class='ocrx_word' id='word_1_147' title='bbox 1451 2725 1539 2789; x_wconf 86' lang='lat' dir='ltr'><strong>ad</strong></span> <span class='ocrx_word' id='word_1_148' title='bbox 1581 2724 1814 2789; x_wconf 89' lang='lat' dir='ltr'><strong>urbem</strong></span> <span class='ocrx_word' id='word_1_149' title='bbox 1861 2725 2142 2790; x_wconf 84' lang='lat' dir='ltr'><strong>Romam</strong></span> <span class='ocrx_word' id='word_1_150' title='bbox 2171 2730 2401 2790; x_wconf 90' lang='lat' dir='ltr'><strong>contra</strong></span> <span class='ocrx_word' id='word_1_151' title='bbox 2441 2725 2894 2793; x_wconf 82' lang='lat' dir='ltr'><strong>Alexandrum</strong></span> 
     </span>
     <span class='ocr_line' id='line_1_20' title="bbox 465 2825 2895 2916; baseline 0 -23"><span class='ocrx_word' id='word_1_152' title='bbox 465 2829 667 2893; x_wconf 74' lang='lat' dir='ltr'><strong>against</strong></span> <span class='ocrx_word' id='word_1_153' title='bbox 689 2832 775 2883; x_wconf 81' lang='lat' dir='ltr'><strong>the</strong></span> <span class='ocrx_word' id='word_1_154' title='bbox 796 2850 1051 2915; x_wconf 85' lang='lat' dir='ltr'><strong>papam.</strong></span> <span class='ocrx_word' id='word_1_155' title='bbox 1142 2827 1274 2895; x_wconf 87' lang='lat' dir='ltr'><strong>Sed</strong></span> <span class='ocrx_word' id='word_1_156' title='bbox 1320 2825 1607 2892; x_wconf 83' lang='lat' dir='ltr'><strong>Radulfo</strong></span> <span class='ocrx_word' id='word_1_157' title='bbox 1654 2827 2031 2895; x_wconf 81' lang='lat' dir='ltr'><strong>Coloniensi</strong></span> <span class='ocrx_word' id='word_1_158' title='bbox 2069 2827 2567 2916; x_wconf 85' lang='lat' dir='ltr'><strong>archiepiscop0,</strong></span> <span class='ocrx_word' id='word_1_159' title='bbox 2615 2827 2895 2915; x_wconf 85' lang='lat' dir='ltr'><strong>Mogun-</strong></span> 
     </span>
     <span class='ocr_line' id='line_1_21' title="bbox 462 2910 2892 3020; baseline 0 -25"><span class='ocrx_word' id='word_1_160' title='bbox 462 2910 603 2961; x_wconf 49' lang='lat'><strong>¹³⁰¹*</strong></span> <span class='ocrx_word' id='word_1_161' title='bbox 796 2932 940 2997; x_wconf 90' lang='lat' dir='ltr'><strong>tino</strong></span> <span class='ocrx_word' id='word_1_162' title='bbox 1008 2930 1504 3016; x_wconf 83' lang='lat' dir='ltr'><strong>archiepiscopO,</strong></span> <span class='ocrx_word' id='word_1_163' title='bbox 1566 2935 1638 2995; x_wconf 89' lang='lat' dir='ltr'><strong>et</strong></span> <span class='ocrx_word' id='word_1_164' title='bbox 1702 2930 2051 2995; x_wconf 87' lang='lat' dir='ltr'><strong>Leodiensi</strong></span> <span class='ocrx_word' id='word_1_165' title='bbox 2115 2936 2184 2996; x_wconf 89' lang='lat' dir='ltr'><strong>et</strong></span> <span class='ocrx_word' id='word_1_166' title='bbox 2230 2931 2698 3017; x_wconf 86' lang='lat' dir='ltr'><strong>Ratisponensi</strong></span> <span class='ocrx_word' id='word_1_167' title='bbox 2757 2932 2892 3020; x_wconf 89' lang='lat' dir='ltr'><strong>epi-</strong></span> 
     </span>
     <span class='ocr_line' id='line_1_22' title="bbox 796 3031 2894 3121; baseline 0 -22"><span class='ocrx_word' id='word_1_168' title='bbox 796 3034 1007 3121; x_wconf 88' lang='lat' dir='ltr'><strong>scopis</strong></span> <span class='ocrx_word' id='word_1_169' title='bbox 1050 3055 1197 3099; x_wconf 91' lang='lat' dir='ltr'><strong>cum</strong></span> <span class='ocrx_word' id='word_1_170' title='bbox 1226 3031 1659 3098; x_wconf 87' lang='lat' dir='ltr'><strong>multitudine</strong></span> <span class='ocrx_word' id='word_1_171' title='bbox 1704 3034 1929 3098; x_wconf 71' lang='lat' dir='ltr'><strong>caeteri</strong></span> <span class='ocrx_word' id='word_1_172' title='bbox 1975 3034 2316 3114; x_wconf 87' lang='lat' dir='ltr'><strong>exercitus,</strong></span> <span class='ocrx_word' id='word_1_173' title='bbox 2363 3033 2618 3099; x_wconf 88' lang='lat' dir='ltr'><strong>ultione</strong></span> <span class='ocrx_word' id='word_1_174' title='bbox 2664 3035 2894 3101; x_wconf 87' lang='lat' dir='ltr'><strong>divina</strong></span> 
     </span>
     <span class='ocr_line' id='line_1_23' title="bbox 795 3134 2894 3223; baseline 0.001 -23"><span class='ocrx_word' id='word_1_175' title='bbox 795 3140 1007 3203; x_wconf 90' lang='lat' dir='ltr'><strong>morte</strong></span> <span class='ocrx_word' id='word_1_176' title='bbox 1036 3136 1371 3223; x_wconf 80' lang='lat' dir='ltr'><strong>percussis,</strong></span> <span class='ocrx_word' id='word_1_177' title='bbox 1404 3135 1713 3199; x_wconf 85' lang='lat' dir='ltr'><strong>discessit.</strong></span> <span class='ocrx_word' id='word_1_178' title='bbox 1783 3134 2077 3201; x_wconf 85' lang='lat' dir='ltr'><strong>Tandem</strong></span> <span class='ocrx_word' id='word_1_179' title='bbox 2121 3142 2272 3223; x_wconf 88' lang='lat' dir='ltr'><strong>post</strong></span> <span class='ocrx_word' id='word_1_180' title='bbox 2315 3136 2558 3202; x_wconf 86' lang='lat' dir='ltr'><strong>multas</strong></span> <span class='ocrx_word' id='word_1_181' title='bbox 2603 3158 2894 3223; x_wconf 89' lang='lat' dir='ltr'><strong>persecu-</strong></span> 
     </span>
     <span class='ocr_line' id='line_1_24' title="bbox 795 3237 2944 3325; baseline 0 -20"><span class='ocrx_word' id='word_1_182' title='bbox 795 3240 1010 3306; x_wconf 85' lang='lat' dir='ltr'><strong>tiones</strong></span> <span class='ocrx_word' id='word_1_183' title='bbox 1038 3246 1110 3305; x_wconf 90' lang='lat' dir='ltr'><strong>et</strong></span> <span class='ocrx_word' id='word_1_184' title='bbox 1146 3240 1391 3305; x_wconf 88' lang='lat' dir='ltr'><strong>damna</strong></span> <span class='ocrx_word' id='word_1_185' title='bbox 1421 3237 1804 3303; x_wconf 87' lang='lat' dir='ltr'><strong>Alexandro</strong></span> <span class='ocrx_word' id='word_1_186' title='bbox 1833 3260 2022 3325; x_wconf 85' lang='lat' dir='ltr'><strong>papae</strong></span> <span class='ocrx_word' id='word_1_187' title='bbox 2067 3237 2260 3317; x_wconf 72' lang='lat' dir='ltr'><strong>facta,</strong></span> <span class='ocrx_word' id='word_1_188' title='bbox 2288 3240 2533 3305; x_wconf 86' lang='lat' dir='ltr'><strong>timens</strong></span> <span class='ocrx_word' id='word_1_189' title='bbox 2563 3262 2650 3307; x_wconf 89' lang='lat' dir='ltr'><strong>ne</strong></span> <span class='ocrx_word' id='word_1_190' title='bbox 2679 3239 2892 3306; x_wconf 86' lang='lat' dir='ltr'><strong>Roma</strong></span> <span class='ocrx_word' id='word_1_191' title='bbox 2935 3240 2944 3249; x_wconf 82' lang='lat'>&#39;</span> 
     </span>
     <span class='ocr_line' id='line_1_25' title="bbox 794 3339 2893 3427; baseline 0.002 -22"><span class='ocrx_word' id='word_1_192' title='bbox 794 3364 837 3405; x_wconf 88' lang='lat' dir='ltr'><strong>a</strong></span> <span class='ocrx_word' id='word_1_193' title='bbox 894 3342 1186 3407; x_wconf 85' lang='lat' dir='ltr'><strong>dominio</strong></span> <span class='ocrx_word' id='word_1_194' title='bbox 1244 3364 1363 3407; x_wconf 89' lang='lat' dir='ltr'><strong>suo</strong></span> <span class='ocrx_word' id='word_1_195' title='bbox 1440 3339 1699 3405; x_wconf 85' lang='lat' dir='ltr'><strong>caderet</strong></span> <span class='ocrx_word' id='word_1_196' title='bbox 1758 3346 2026 3427; x_wconf 87' lang='lat' dir='ltr'><strong>propter</strong></span> <span class='ocrx_word' id='word_1_197' title='bbox 2085 3342 2604 3407; x_wconf 88' lang='lat' dir='ltr'><strong>Lombardorum</strong></span> <span class='ocrx_word' id='word_1_198' title='bbox 2663 3350 2893 3409; x_wconf 87' lang='lat' dir='ltr'><strong>contra</strong></span> 
     </span>
     <span class='ocr_line' id='line_1_26' title="bbox 794 3443 2888 3534; baseline 0 -23"><span class='ocrx_word' id='word_1_199' title='bbox 794 3467 944 3511; x_wconf 90' lang='lat' dir='ltr'><strong>eum</strong></span> <span class='ocrx_word' id='word_1_200' title='bbox 996 3444 1491 3511; x_wconf 85' lang='lat' dir='ltr'><strong>rebellationem</strong></span> <span class='ocrx_word' id='word_1_201' title='bbox 1535 3446 1605 3510; x_wconf 92' lang='lat' dir='ltr'><strong>et</strong></span> <span class='ocrx_word' id='word_1_202' title='bbox 1649 3447 1920 3531; x_wconf 90' lang='lat' dir='ltr'><strong>propter</strong></span> <span class='ocrx_word' id='word_1_203' title='bbox 1965 3443 2334 3509; x_wconf 85' lang='lat' dir='ltr'><strong>Alexandri</strong></span> <span class='ocrx_word' id='word_1_204' title='bbox 2395 3466 2584 3533; x_wconf 86' lang='lat' dir='ltr'><strong>papae</strong></span> <span class='ocrx_word' id='word_1_205' title='bbox 2630 3468 2888 3534; x_wconf 90' lang='lat' dir='ltr'><strong>prospe-</strong></span> 
     </span>
     <span class='ocr_line' id='line_1_27' title="bbox 791 3545 2892 3627; baseline 0.001 -14"><span class='ocrx_word' id='word_1_206' title='bbox 791 3549 1079 3627; x_wconf 84' lang='lat' dir='ltr'><strong>ritatem,</strong></span> <span class='ocrx_word' id='word_1_207' title='bbox 1148 3546 1362 3611; x_wconf 86' lang='lat' dir='ltr'><strong>missis</strong></span> <span class='ocrx_word' id='word_1_208' title='bbox 1428 3545 1808 3611; x_wconf 88' lang='lat' dir='ltr'><strong>solennibus</strong></span> <span class='ocrx_word' id='word_1_209' title='bbox 1875 3545 2146 3625; x_wconf 80' lang='lat' dir='ltr'><strong>nuntiiS,</strong></span> <span class='ocrx_word' id='word_1_210' title='bbox 2208 3553 2288 3612; x_wconf 87' lang='lat' dir='ltr'><strong>ut</strong></span> <span class='ocrx_word' id='word_1_211' title='bbox 2360 3550 2892 3615; x_wconf 89' lang='lat' dir='ltr'><strong>reconciliaretur</strong></span> 
     </span>
     <span class='ocr_line' id='line_1_28' title="bbox 791 3648 2888 3739; baseline 0.002 -25"><span class='ocrx_word' id='word_1_212' title='bbox 791 3672 979 3737; x_wconf 83' lang='lat' dir='ltr'><strong>papae</strong></span> <span class='ocrx_word' id='word_1_213' title='bbox 1022 3649 1369 3715; x_wconf 82' lang='lat' dir='ltr'><strong>laboravit.</strong></span> <span class='ocrx_word' id='word_1_214' title='bbox 1438 3649 1570 3728; x_wconf 78' lang='lat' dir='ltr'><strong>Qui</strong></span> <span class='ocrx_word' id='word_1_215' title='bbox 1614 3654 1862 3736; x_wconf 86' lang='lat' dir='ltr'><strong>postea,</strong></span> <span class='ocrx_word' id='word_1_216' title='bbox 1895 3655 2088 3736; x_wconf 89' lang='lat' dir='ltr'><strong>capta</strong></span> <span class='ocrx_word' id='word_1_217' title='bbox 2133 3648 2556 3736; x_wconf 81' lang='lat' dir='ltr'><strong>Ierosolyma,</strong></span> <span class='ocrx_word' id='word_1_218' title='bbox 2601 3652 2674 3716; x_wconf 91' lang='lat' dir='ltr'><strong>in</strong></span> <span class='ocrx_word' id='word_1_219' title='bbox 2718 3654 2888 3739; x_wconf 93' lang='lat' dir='ltr'><strong>ipso-</strong></span> 
     </span>
     <span class='ocr_line' id='line_1_29' title="bbox 790 3751 2888 3823; baseline 0.003 -6"><span class='ocrx_word' id='word_1_220' title='bbox 790 3774 939 3817; x_wconf 91' lang='lat' dir='ltr'><strong>rum</strong></span> <span class='ocrx_word' id='word_1_221' title='bbox 968 3752 1361 3819; x_wconf 88' lang='lat' dir='ltr'><strong>damnorum</strong></span> <span class='ocrx_word' id='word_1_222' title='bbox 1403 3752 1749 3817; x_wconf 89' lang='lat' dir='ltr'><strong>emendam</strong></span> <span class='ocrx_word' id='word_1_223' title='bbox 1779 3751 1864 3816; x_wconf 89' lang='lat' dir='ltr'><strong>ad</strong></span> <span class='ocrx_word' id='word_1_224' title='bbox 1891 3751 2350 3818; x_wconf 87' lang='lat' dir='ltr'><strong>liberationem</strong></span> <span class='ocrx_word' id='word_1_225' title='bbox 2380 3752 2597 3821; x_wconf 86' lang='lat' dir='ltr'><strong>Terrae</strong></span> <span class='ocrx_word' id='word_1_226' title='bbox 2628 3755 2888 3823; x_wconf 83' lang='lat' dir='ltr'><strong>Sanctae</strong></span> 
     </span>
     <span class='ocr_line' id='line_1_30' title="bbox 457 3854 2887 3951; baseline 0.002 -32"><span class='ocrx_word' id='word_1_227' title='bbox 457 3867 570 3920; x_wconf 79' lang='lat' dir='ltr'><strong>The</strong></span> <span class='ocrx_word' id='word_1_228' title='bbox 598 3870 767 3951; x_wconf 58' lang='lat' dir='ltr'><strong>pope’s</strong></span> <span class='ocrx_word' id='word_1_229' title='bbox 790 3856 1199 3942; x_wconf 86' lang='lat' dir='ltr'><strong>procedebat,</strong></span> <span class='ocrx_word' id='word_1_230' title='bbox 1244 3861 1328 3921; x_wconf 91' lang='lat' dir='ltr'><strong>ut</strong></span> <span class='ocrx_word' id='word_1_231' title='bbox 1370 3861 1597 3942; x_wconf 87' lang='lat' dir='ltr'><strong>postea</strong></span> <span class='ocrx_word' id='word_1_232' title='bbox 1638 3854 1974 3921; x_wconf 85' lang='lat' dir='ltr'><strong>referetur.</strong></span> <span class='ocrx_word' id='word_1_233' title='bbox 2065 3854 2198 3921; x_wconf 92' lang='lat' dir='ltr'><strong>Hic</strong></span> <span class='ocrx_word' id='word_1_234' title='bbox 2241 3856 2442 3922; x_wconf 86' lang='lat' dir='ltr'><strong>etiam</strong></span> <span class='ocrx_word' id='word_1_235' title='bbox 2471 3879 2644 3945; x_wconf 87' lang='lat' dir='ltr'><strong>papa</strong></span> <span class='ocrx_word' id='word_1_236' title='bbox 2686 3859 2887 3925; x_wconf 87' lang='lat' dir='ltr'><strong>Alex-</strong></span> 
     </span>
     <span class='ocr_line' id='line_1_31' title="bbox 456 3952 2883 4055; baseline 0.001 -32"><span class='ocrx_word' id='word_1_237' title='bbox 456 3952 733 4055; x_wconf 51' lang='grc' dir='ltr'><strong>ξξξζᾝξ</strong></span> <span class='ocrx_word' id='word_1_238' title='bbox 790 3959 996 4023; x_wconf 85' lang='lat' dir='ltr'><strong>ander</strong></span> <span class='ocrx_word' id='word_1_239' title='bbox 1069 3959 1320 4024; x_wconf 88' lang='lat' dir='ltr'><strong>dictum</strong></span> <span class='ocrx_word' id='word_1_240' title='bbox 1397 3956 1817 4023; x_wconf 87' lang='lat' dir='ltr'><strong>Fredericum</strong></span> <span class='ocrx_word' id='word_1_241' title='bbox 1886 3958 2332 4024; x_wconf 86' lang='lat' dir='ltr'><strong>Romanorum</strong></span> <span class='ocrx_word' id='word_1_242' title='bbox 2406 3960 2883 4047; x_wconf 88' lang='lat' dir='ltr'><strong>imperatorem,</strong></span> 
     </span>
     <span class='ocr_line' id='line_1_32' title="bbox 455 4022 2894 4147; baseline 0.004 -27"><span class='ocrx_word' id='word_1_243' title='bbox 455 4070 541 4121; x_wconf 81' lang='lat' dir='ltr'><strong>the</strong></span> <span class='ocrx_word' id='word_1_244' title='bbox 563 4022 767 4137; x_wconf 70' lang='lat' dir='ltr'><strong>empe-g</strong></span> <span class='ocrx_word' id='word_1_245' title='bbox 790 4058 1215 4126; x_wconf 89' lang='lat' dir='ltr'><strong>Emanuelem</strong></span> <span class='ocrx_word' id='word_1_246' title='bbox 1259 4061 1719 4145; x_wconf 87' lang='lat' dir='ltr'><strong>imperatorem</strong></span> <span class='ocrx_word' id='word_1_247' title='bbox 1767 4058 2591 4147; x_wconf 70' lang='lat' dir='ltr'><strong>constantinopolitanum,</strong></span> <span class='ocrx_word' id='word_1_248' title='bbox 2623 4070 2691 4129; x_wconf 87' lang='lat' dir='ltr'><strong>et</strong></span> <span class='ocrx_word' id='word_1_249' title='bbox 2717 4062 2894 4129; x_wconf 56' lang='lat' dir='ltr'><strong>Wil-</strong></span> 
     </span>
     <span class='ocr_line' id='line_1_33' title="bbox 450 4138 2884 4254; baseline 0.002 -26"><span class='ocrx_word' id='word_1_250' title='bbox 450 4138 765 4254; x_wconf 40' lang='lat' dir='ltr'><strong>&amp;ffugi-ede·</strong></span> <span class='ocrx_word' id='word_1_251' title='bbox 788 4163 1085 4229; x_wconf 89' lang='lat' dir='ltr'><strong>lielmum</strong></span> <span class='ocrx_word' id='word_1_252' title='bbox 1150 4161 1448 4228; x_wconf 88' lang='lat' dir='ltr'><strong>Siculum</strong></span> <span class='ocrx_word' id='word_1_253' title='bbox 1511 4166 1712 4247; x_wconf 89' lang='lat' dir='ltr'><strong>atque</strong></span> <span class='ocrx_word' id='word_1_254' title='bbox 1773 4161 2259 4249; x_wconf 89' lang='lat' dir='ltr'><strong>Longobardos‚</strong></span> <span class='ocrx_word' id='word_1_255' title='bbox 2321 4165 2408 4229; x_wconf 86' lang='lat' dir='ltr'><strong>ad</strong></span> <span class='ocrx_word' id='word_1_256' title='bbox 2474 4166 2884 4233; x_wconf 87' lang='lat' dir='ltr'><strong>concordiam</strong></span> 
     </span>
     <span class='ocr_line' id='line_1_34' title="bbox 450 4262 2884 4357; baseline 0.002 -28"><span class='ocrx_word' id='word_1_257' title='bbox 450 4268 658 4321; x_wconf 73' lang='lat' dir='ltr'><strong>Manuel</strong></span> <span class='ocrx_word' id='word_1_258' title='bbox 786 4266 1143 4331; x_wconf 80' lang='lat' dir='ltr'><strong>revocavit.</strong></span> <span class='ocrx_word' id='word_1_259' title='bbox 1234 4264 1347 4330; x_wconf 86' lang='lat' dir='ltr'><strong>Ita</strong></span> <span class='ocrx_word' id='word_1_260' title='bbox 1389 4268 1469 4328; x_wconf 91' lang='lat' dir='ltr'><strong>ut</strong></span> <span class='ocrx_word' id='word_1_261' title='bbox 1534 4263 1677 4349; x_wconf 87' lang='lat' dir='ltr'><strong>ipse</strong></span> <span class='ocrx_word' id='word_1_262' title='bbox 1741 4262 2137 4329; x_wconf 86' lang='lat' dir='ltr'><strong>Willielmus</strong></span> <span class='ocrx_word' id='word_1_263' title='bbox 2201 4287 2318 4330; x_wconf 88' lang='lat' dir='ltr'><strong>rex</strong></span> <span class='ocrx_word' id='word_1_264' title='bbox 2381 4266 2622 4334; x_wconf 86' lang='lat' dir='ltr'><strong>Siciliae</strong></span> <span class='ocrx_word' id='word_1_265' title='bbox 2665 4269 2884 4357; x_wconf 89' lang='lat' dir='ltr'><strong>ipsum</strong></span> 
     </span>
     <span class='ocr_line' id='line_1_35' title="bbox 446 4336 2885 4467; baseline 0.003 -37"><span class='ocrx_word' id='word_1_266' title='bbox 446 4336 717 4467; x_wconf 51' lang='grc' dir='ltr'><strong>ζξῑῇἓζέπ</strong></span> <span class='ocrx_word' id='word_1_267' title='bbox 787 4366 1243 4433; x_wconf 86' lang='lat' dir='ltr'><strong>Alexandrum</strong></span> <span class='ocrx_word' id='word_1_268' title='bbox 1272 4388 1409 4431; x_wconf 93' lang='lat' dir='ltr'><strong>non</strong></span> <span class='ocrx_word' id='word_1_269' title='bbox 1440 4364 1650 4431; x_wconf 89' lang='lat' dir='ltr'><strong>solum</strong></span> <span class='ocrx_word' id='word_1_270' title='bbox 1702 4388 1962 4453; x_wconf 88' lang='lat' dir='ltr'><strong>papam,</strong></span> <span class='ocrx_word' id='word_1_271' title='bbox 2008 4368 2124 4431; x_wconf 88' lang='lat' dir='ltr'><strong>sed</strong></span> <span class='ocrx_word' id='word_1_272' title='bbox 2168 4364 2384 4454; x_wconf 89' lang='lat' dir='ltr'><strong>ipsum</strong></span> <span class='ocrx_word' id='word_1_273' title='bbox 2429 4371 2632 4435; x_wconf 90' lang='lat' dir='ltr'><strong>etiam</strong></span> <span class='ocrx_word' id='word_1_274' title='bbox 2676 4371 2885 4437; x_wconf 87' lang='lat' dir='ltr'><strong>domi-</strong></span> 
     </span>
    </p>
   </div>
   <div class='ocr_carea' id='block_1_4' title="bbox 782 4596 2868 4742">
    <p class='ocr_par' dir='ltr' id='par_1_4' title="bbox 782 4596 2868 4742">
     <span class='ocr_line' id='line_1_36' title="bbox 850 4596 2868 4661; baseline 0.003 -12"><span class='ocrx_word' id='word_1_275' title='bbox 850 4599 866 4629; x_wconf 88' lang='lat'><em>¹</em></span> <span class='ocrx_word' id='word_1_276' title='bbox 900 4598 1015 4649; x_wconf 87' lang='lat' dir='ltr'><strong>The</strong></span> <span class='ocrx_word' id='word_1_277' title='bbox 1036 4600 1299 4649; x_wconf 69' lang='lat' dir='ltr'><strong>substance</strong></span> <span class='ocrx_word' id='word_1_278' title='bbox 1324 4599 1384 4649; x_wconf 80' lang='lat' dir='ltr'><strong>of</strong></span> <span class='ocrx_word' id='word_1_279' title='bbox 1413 4597 1501 4647; x_wconf 86' lang='lat' dir='ltr'><strong>the</strong></span> <span class='ocrx_word' id='word_1_280' title='bbox 1522 4596 1827 4661; x_wconf 79' lang='lat' dir='ltr'><strong>succeeding</strong></span> <span class='ocrx_word' id='word_1_281' title='bbox 1849 4598 2098 4648; x_wconf 80' lang='lat' dir='ltr'><strong>narrative</strong></span> <span class='ocrx_word' id='word_1_282' title='bbox 2123 4598 2232 4647; x_wconf 76' lang='lat' dir='ltr'><strong>will</strong></span> <span class='ocrx_word' id='word_1_283' title='bbox 2267 4600 2329 4649; x_wconf 85' lang='lat' dir='ltr'><strong>be</strong></span> <span class='ocrx_word' id='word_1_284' title='bbox 2351 4600 2508 4651; x_wconf 82' lang='lat' dir='ltr'><strong>found</strong></span> <span class='ocrx_word' id='word_1_285' title='bbox 2531 4602 2586 4653; x_wconf 87' lang='lat' dir='ltr'><strong>in</strong></span> <span class='ocrx_word' id='word_1_286' title='bbox 2615 4604 2702 4655; x_wconf 72' lang='lat' dir='ltr'><strong>the</strong></span> <span class='ocrx_word' id='word_1_287' title='bbox 2721 4604 2868 4656; x_wconf 83' lang='lat' dir='ltr'><strong>chro-</strong></span> 
     </span>
     <span class='ocr_line' id='line_1_37' title="bbox 782 4676 2606 4742; baseline 0.002 -13"><span class='ocrx_word' id='word_1_288' title='bbox 782 4678 915 4729; x_wconf 87' lang='lat' dir='ltr'><strong>nicle</strong></span> <span class='ocrx_word' id='word_1_289' title='bbox 936 4679 997 4728; x_wconf 80' lang='lat' dir='ltr'><strong>of</strong></span> <span class='ocrx_word' id='word_1_290' title='bbox 1010 4678 1299 4728; x_wconf 71' lang='lat' dir='ltr'><strong>Bet-nardus</strong></span> <span class='ocrx_word' id='word_1_291' title='bbox 1318 4677 1501 4729; x_wconf 85' lang='lat' dir='ltr'><strong>Guido.</strong></span> <span class='ocrx_word' id='word_1_292' title='bbox 1570 4676 1840 4742; x_wconf 69' lang='lat' dir='ltr'><strong>Mummii,</strong></span> <span class='ocrx_word' id='word_1_293' title='bbox 1865 4676 1984 4728; x_wconf 82' lang='lat' dir='ltr'><strong>Ber.</strong></span> <span class='ocrx_word' id='word_1_294' title='bbox 2008 4676 2108 4727; x_wconf 76' lang='lat' dir='ltr'><strong>Ital</strong></span> <span class='ocrx_word' id='word_1_295' title='bbox 2129 4677 2346 4742; x_wconf 68' lang='lat' dir='ltr'><strong>Scriptt„</strong></span> <span class='ocrx_word' id='word_1_296' title='bbox 2369 4680 2468 4732; x_wconf 86' lang='lat' dir='ltr'><strong>III.</strong></span> <span class='ocrx_word' id='word_1_297' title='bbox 2491 4686 2606 4733; x_wconf 80' lang='lat'><strong>446.</strong></span> 
     </span>
    </p>
   </div>
   <div class='ocr_carea' id='block_1_5' title="bbox 846 4756 1635 4825">
    <p class='ocr_par' dir='ltr' id='par_1_5' title="bbox 846 4756 1635 4825">
     <span class='ocr_line' id='line_1_38' title="bbox 846 4756 1635 4825; baseline 0.001 -17"><span class='ocrx_word' id='word_1_298' title='bbox 846 4760 867 4789; x_wconf 78' lang='lat'>²</span> <span class='ocrx_word' id='word_1_299' title='bbox 904 4756 1167 4825; x_wconf 70' lang='lat' dir='ltr'><strong>Greqorio]</strong></span> <span class='ocrx_word' id='word_1_300' title='bbox 1204 4760 1326 4809; x_wconf 82' lang='lat' dir='ltr'><strong>read</strong></span> <span class='ocrx_word' id='word_1_301' title='bbox 1346 4756 1635 4822; x_wconf 82' lang='lat' dir='ltr'><strong>Eustorgio.</strong></span> 
     </span>
    </p>
   </div>
   <div class='ocr_carea' id='block_1_6' title="bbox 3500 897 3513 1728">
    <p class='ocr_par' dir='ltr' id='par_1_6' title="bbox 3500 897 3513 1728">
     <span class='ocr_line' id='line_1_39' title="bbox 3500 897 3513 1728; baseline 0 0"><span class='ocrx_word' id='word_1_302' title='bbox 3500 897 3513 1728; x_wconf 95' lang='lat' dir='ltr'><strong> </strong></span> 
     </span>
    </p>
   </div>
   <div class='ocr_carea' id='block_1_7' title="bbox 3500 3116 3514 4025">
    <p class='ocr_par' dir='ltr' id='par_1_7' title="bbox 3500 3116 3514 4025">
     <span class='ocr_line' id='line_1_40' title="bbox 3500 3116 3514 4025; baseline 0 0"><span class='ocrx_word' id='word_1_303' title='bbox 3500 3116 3514 4025; x_wconf 95' lang='lat' dir='ltr'><strong> </strong></span> 
     </span>
    </p>
   </div>
  </div>
 </body>
</html>
