3519 5734
830 808 957 871 248
1423 822 1702 873 raons
1745 818 1964 869 Annas
2006 814 2311 867 marrus

493 1000 989 1067 A·D·1¹90·dens
1032 1005 1426 1087 potestatem
1479 1001 1734 1087 plebem
1780 1002 2113 1087 depressit.
2204 993 2624 1063 Mouasteriis
2684 994 2907 1057 autem

823 1105 1214 1169 vacantibus
1255 1104 1494 1169 fratres
1553 1126 1704 1169 suos
1770 1110 1839 1169 et
1884 1108 2155 1191 nepotes
2195 1104 2521 1168 violenter
2588 1095 2905 1161 intrusit:

826 1228 975 1271 cum
1017 1206 1302 1271 baroniis
1369 1212 1439 1271 et
1499 1206 1921 1273 comitatibus
1986 1212 2181 1273 terrae
2250 1225 2497 1271 sorores
2542 1206 2610 1267 et
2676 1203 2909 1284 neptes

825 1330 977 1374 suas
1019 1310 1380 1387 maritavit,
1426 1310 1744 1397 regnique
1804 1310 2080 1393 majores
2124 1309 2251 1374 sibi
2296 1308 2525 1373 affines
2571 1301 2911 1369 afficiebat.

491 1414 733 1465 Becomee
827 1413 1007 1479 Dato
1069 1415 1270 1480 etiam
1331 1436 1466 1480 non
1531 1414 1788 1479 modico
1830 1417 2043 1500 pretio
2110 1414 2255 1479 auri
2321 1411 2519 1478 curiae
2568 1409 2907 1485 Romanae,

492 1547 748 1611 England.
827 1522 907 1582 ut
965 1517 1135 1582 nulli
1208 1522 1378 1582 esset
1442 1516 1712 1582 inferior
1778 1517 2064 1582 elatione
2130 1517 2239 1582 vel
2301 1514 2645 1601 dignitate,
2725 1510 2900 1595 lega-

495 1629 597 1680 flis
619 1647 708 1695 op-
823 1620 1072 1685 tionem
1137 1619 1346 1683 totius
1411 1619 1673 1704 Angliae
1739 1620 2019 1706 adeptus
2081 1624 2199 1684 est.
2292 1618 2440 1697 Qua
2478 1616 2599 1680 ‘ita
2664 1613 2905 1678 abusus

493 1699 810 1831 {ffiffssgff
825 1726 944 1798 est,
975 1721 1167 1807 -quod
1232 1721 1612 1788 immaniter
1654 1731 1879 1786 clerum
1904 1730 2211 1801 oppressit,
2260 1726 2467 1806 atque
2512 1740 2661 1784 cum
2702 1720 2917 1801 potes·
2940 1706 3247 1824 {gl-Hgfggf‘·

823 1828 968 1888 tate
1009 1824 1190 1910 regia
1233 1831 1554 1886 Romanam
1589 1830 1899 1887 ostendens
1935 1832 2341 1887 auctoritatem
2376 1848 2511 1886 cum
2548 1828 2715 1883 mille
2752 1826 2919 1897 equis

825 1924 1192 1995 procedebat,
1267 1923 1618 1977 monasteria
1687 1922 2213 1979 contributionibus
2284 1929 2345 1977 et
2426 1918 2920 1991 hospitationibus

828 2014 1129 2085 gravabat.
1219 2006 1514 2071 Absente
1573 2005 2051 2091 archiepiscopo
2098 2002 2450 2070 Cantuarie
2464 2003 2563 2067 nsi
2634 2006 2702 2065 et
2770 2022 2919 2066 cum

826 2129 979 2193 rege
1042 2107 1349 2193 profecte,
1397 2113 1466 2172 et
1529 2107 1680 2172 sede
1741 2107 2133 2172 Eboraceusi
2199 2110 2496 2181 vacante,
2562 2108 2919 2186 utramque

827 2208 1046 2274 sedem
1091 2210 1662 2295 metropolitanam
1721 2209 1808 2273 ad
1865 2208 2133 2272 libitum
2177 2230 2370 2271 suum
2428 2204 2917 2293 prosternebat.

827 2313 1053 2396 Atque
1115 2311 1190 2376 in
1233 2312 1538 2376 maximis
1580 2310 2047 2375 vexationibus
2114 2332 2275 2394 quas
2326 2309 2587 2393 magnis
2636 2306 2919 2372 ecclesiis

825 2414 1059 2479 intulit
1101 2416 1316 2501 ipsum
1376 2416 1672 2480 ordinem
1735 2413 2246 2490 Cisterciensem,
2293 2413 2367 2475 in
2408 2412 2720 2498 hospitiis
2784 2408 2921 2474 suis

825 2517 1181 2603 exigendis,
1210 2517 1318 2583 vel
1361 2539 1481 2605 pro
1521 2517 1650 2581 hiis
1695 2516 1898 2582 etiam
1933 2515 2163 2603 pretiis
2208 2514 2698 2599 extorquendiS,
2728 2532 2922 2599 super

823 2620 1171 2706 privilegia
1232 2627 1301 2685 et
1347 2619 1829 2705 exemptionem
1898 2640 2082 2683 suam
2145 2618 2243 2681 ita
2284 2608 2556 2682 'vexavit
2623 2621 2703 2681 ut
2770 2636 2920 2679 eum

491 2728 575 2778 He
597 2728 690 2779 im·
823 2743 1012 2807 paene
1071 2724 1134 2786 ei
1201 2722 1624 2787 tributarium
1686 2719 1939 2786 faceret.
2040 2729 2586 2800 Ebora-censemque
2646 2728 2915 2789 electum,
2940 2713 3153 2769 Ibidem-

489 2794 735 2929 Ῑὲᾚέγ
829 2830 1160 2886 Galfridum
1192 2831 1354 2902 regis
1389 2832 1651 2896 fratrem,
1684 2821 1766 2887 de
1811 2844 1939 2907 quo
1987 2821 2383 2908 praedicitur,
2419 2830 2545 2902 jam
2578 2846 2683 2900 per
2718 2826 2921 2883 decem

491 2929 576 2978 the
597 2927 768 2996 king’s
827 2948 1006 2986 annos
1077 2949 1152 2985 ne
1211 2939 1648 2988 consecraretur
1719 2932 2046 3004 impedivit.
2158 2923 2369 3002 Quem
2430 2923 2700 2987 tandem
2766 2942 2919 2986 con-

494 2995 710 3046 brother.
825 3027 1150 3087 sectatum
1212 3027 1282 3088 et
1340 3033 1496 3104 apud
1535 3033 1863 3088 'Dovoriam
1910 3034 2239 3106 appulsum,
2297 3033 2543 3104 direptis
2592 3031 2791 3096 rebus,
2847 3031 2919 3085 de

824 3125 1176 3180 monasterio
1234 3125 1432 3180 Sancti
1489 3124 1732 3180 Martini
1801 3127 2025 3180 extrahi
2077 3133 2137 3180 et
2201 3127 2265 3181 in
2328 3126 2479 3180 turri
2539 3125 2707 3195 regia
2757 3123 2919 3179 trudi

493 3211 548 3260 A
571 3217 768 3266 couneil
825 3208 1092 3264 faciebat.
1185 3207 1306 3262 Sed
1373 3213 1435 3263 et
1504 3207 1660 3279 apud
1728 3207 2332 3272 westmonasterium,
2408 3215 2685 3280 tanquam
2754 3225 2919 3279 papae

493 3279 736 3356 ²t‚waet·
824 3293 1058 3364 legatus
1109 3298 1170 3348 et
1226 3293 1397 3363 regni
1449 3297 1813 3362 procurator,
1872 3293 2187 3348 concilium
2238 3293 2575 3348 celebravit.
2665 3291 2740 3347 In
2803 3307 2918 3361 quo

491 3353 714 3398 mmster,
825 3377 1090 3448 complex
1166 3376 1294 3447 ejus
1365 3375 1548 3446 Hugo
1604 3377 1844 3432 Nonaut
1920 3379 2229 3448 episcopus
2303 3376 2547 3433 Cestriae
2620 3376 2920 3447 querelam

495 3471 744 3522 Substitu-
825 3459 1115 3530 deposuit,
1157 3459 1312 3530 quod
1345 3461 1616 3515 monachi
1653 3461 2075 3516 coventrenses
2124 3462 2469 3532 sanguinem
2517 3478 2689 3516 suum
2724 3477 2919 3514 coram

487 3537 800 3669 ξὲἓᾶῖξξΐθ·
827 3551 1000 3604 altari
1037 3552 1343 3606 fudissent.
1419 3553 1588 3608 Unde
1623 3552 1887 3608 decrevit
1924 3542 2147 3609 dictus
2192 3597 2204 3609 .
2252 3597 2265 3610 .
2312 3555 2572 3608 Eliensis
2608 3551 2918 3607 monachos

492 3671 659 3722 clerks
681 3672 762 3721 fo,-
826 3642 1036 3707 dictos
1081 3653 1154 3706 de
1181 3653 1466 3708 Coventre
1503 3655 1628 3708 fore
1665 3655 2067 3718 eliminandos,
2109 3661 2168 3710 et
2202 3655 2451 3710 clericos
2487 3653 2917 3726 praebendarios

491 3736 578 3786 the
601 3739 782 3789 monks
824 3744 1230 3800 instituendos.
1323 3747 1452 3801 Hac
1503 3765 1646 3817 ergo
1699 3749 1999 3802 occasione
2048 3747 2333 3818 captanda
2386 3747 2664 3818 praefatus
2712 3745 2913 3814 Hug0,

489 3805 549 3919 {ff
569 3803 766 3856 coven'
827 3828 1074 3884 callidus
1124 3830 1296 3885 homo
1347 3835 1406 3885 et
1455 3831 1904 3895 inverecundus,
1947 3831 2133 3886 audax
2184 3831 2245 3885 in
2295 3830 2547 3902 probos,¹
2584 3831 2920 3886 litteratura

513 3886 592 3934 ‘y‘
828 3911 1275 3984 eloquentiaque
1310 3915 1652 3980 instructuS,
1693 3916 1795 3985 qui
1849 3917 2003 3969 inter
2056 3915 2313 3986 priorem
2350 3920 2410 3969 et
2464 3921 2811 3969 conventum
2846 3913 2917 3966 de

829 3996 1114 4052 Coventre
1139 4015 1369 4069 semper
1393 3997 1710 4054 discordias
1737 3999 2143 4063 seminaverat,
2166 4017 2341 4052 manu
2366 4005 2589 4052 armata
2612 3996 2917 4051 monachos

827 4080 1035 4146 diebos
1087 4091 1311 4162 expulit
1343 4095 1622 4160 tanquam
1658 4093 1987 4146 enormium
2024 4091 2336 4146 criminum
2370 4108 2520 4155 re03,
2558 4107 2808 4160 moxque
2844 4087 2919 4141 ad

829 4184 1207 4254 apostolicam
1245 4182 1442 4238 sedem
1487 4183 1805 4238 instructos
1854 4184 2069 4238 direxit
2103 4183 2471 4255 responsales
2520 4199 2654 4237 cum
2701 4179 2917 4235 litteris

828 4268 1230 4338 episcoporum
1268 4267 1694 4332 attestantibus,
1735 4268 1889 4338 quod
1923 4268 2195 4322 monachi
2220 4266 2661 4330 Coventrenses‚
2692 4265 2921 4319 deserta

835 4349 1057 4405 Christi
1109 4351 1344 4414 militia,
1401 4349 1477 4404 ad
1531 4351 1813 4406 saeculum
1864 4357 2060 4406 essent
2116 4351 2351 4422 relapsi.
2445 4349 2615 4404 Unde
2664 4347 2840 4419 petiit
2885 4363 2922 4400 a

830 4450 981 4505 papa
1035 4434 1280 4488 liberam
1341 4433 1413 4488 de
1485 4435 1844 4490 ordinatione
1904 4436 2092 4506 ipsius
2150 4435 2493 4490 monasterii
2562 4433 2915 4487 facultatem.

833 4613 1149 4622 ————-—·
1169 4613 1235 4618 —·-
1286 4613 2151 4622 ——————-——.-—-————

1381 4733 1395 4763 ¹
1427 4732 1630 4799 probos]
1669 4733 1722 4783 in
1751 4749 1903 4784 ausus
1926 4735 2195 4798 impu-obeo,
2219 4735 2281 4785 R.
2305 4734 2384 4784 H..
