3519 5734
1169 879 1366 929 aueo
1411 876 1626 929 ABBAs
1670 877 1987 940 Qum‘ms.
2486 860 2615 926 365

528 1074 750 1121 semus
793 1074 1178 1142 recuperare
1221 1053 1416 1120 nobis
1457 1058 1531 1120 et
1573 1051 2052 1120 successoribus
2097 1049 2339 1116 nostris
2382 1048 2619 1136 imper·
2644 1056 2923 1110 A.D.1210

527 1162 807 1242 petuam
853 1161 1246 1224 teneremus·
1337 1156 1472 1242 Sed
1527 1161 1758 1223 tamen
1810 1176 2019 1242 usque
2062 1153 2136 1218 in
2179 1173 2469 1241 praesens
2512 1171 2623 1217 eas
2638 1129 2825 1177 '¹²²⁰‘

529 1259 954 1345 nequivimus
983 1256 1324 1326 obtinere.¹
1419 1258 1748 1324 Praefatus
1792 1258 1996 1324 etiam
2042 1255 2391 1343 Philippus
2436 1253 2627 1319 dedit

529 1362 722 1428 nobis
795 1367 1015 1428 totum
1079 1361 1194 1448 jus
1268 1362 1447 1447 quod
1522 1359 1811 1426 habebat
1882 1360 1957 1425 in
2031 1357 2289 1424 duabus
2360 1357 2628 1423 bovatis

529 1469 730 1530 terrae
773 1486 936 1550 quas
979 1461 1161 1551 prior
1204 1461 1288 1528 de
1334 1462 1849 1550 Brydlyngtona
1887 1460 2165 1527 tenebat
2208 1459 2500 1540 ibidem3
2546 1459 2627 1524 de

533 1565 774 1653 quibus
839 1569 882 1632 2
950 1566 1216 1633 bovatis
1287 1569 1486 1631 terrae
1541 1569 1839 1652 tempore
1914 1563 2261 1630 Michaelis
2318 1560 2580 1628 abbatis
2602 1560 2628 1598 ²

532 1673 768 1756 postea
837 1668 1176 1736 referetur.
1285 1667 1608 1735 Praefatus
1681 1667 1911 1754 itaque
1984 1664 2333 1754 Philippus
2397 1663 2587 1732 dedit
2602 1659 2631 1697 ⁸

535 1769 870 1836 Willelmo
938 1768 1257 1838 servienti
1322 1769 1406 1834 de
1473 1767 1831 1836 Beverlaeo
1888 1768 2053 1834 duas
2092 1787 2293 1852 acras
2316 1764 2633 1832 turbariae
2656 1761 2841 1879 norff

535 1871 610 1938 in
672 1871 948 1938 marisco
1013 1871 1098 1938 de
1164 1871 1378 1951 Euda,
1425 1875 1498 1938 et
1558 1871 1822 1937 cuidam
1866 1869 2202 1936 Willelmo
2264 1867 2496 1936 clerico
2548 1867 2633 1933 de
2655 1843 2789 1882 ΜΒ
2826 1866 2840 1880 ‘

459 2064 462 2069 .
537 1973 846 2061 Anlofby
921 1977 966 2041 4
1037 1974 1396 2061 perticatas
1484 1972 1848 2054 turbariae,⁴
1920 1995 2085 2062 quas
2101 1971 2129 2009 ⁶
2203 1972 2331 2060 ipsi
2405 1976 2635 2061 postea

536 2076 729 2143 nobis
795 2077 1284 2164 imperpetuum
1345 2074 1839 2144 concedebant!³
1928 2079 2029 2142 At
2085 2080 2249 2142 tunc
2289 2074 2635 2163 grangiam

537 2179 789 2246 ibidem
831 2177 1239 2248 feceramus!
1325 2179 1492 2246 Post
1535 2179 1795 2266 aliquot
1836 2183 2062 2245 autem
2124 2177 2363 2244 deinde
2406 2197 2633 2256 annos,

537 2280 715 2348 idem
760 2280 1105 2370 Philippus
1149 2282 1329 2368 apud
1373 2281 1495 2348 nos
1535 2281 1755 2348 factus
1800 2279 2101 2348 novicius
2144 2279 2494 2367 expiravit.

531 2593 542 2604 '
659 2613 741 2681 v.
785 2612 886 2680 De
929 2612 1312 2699 HayhoZmo
1329 2635 1358 2693 ,·
1403 2618 1462 2679 et
1506 2611 1590 2679 de
1611 2611 1637 2651 ⁸
1683 2611 1886 2680 tems
1926 2617 1987 2679 et
2033 2611 2423 2680 tenementis
2464 2612 2551 2679 rm

541 2713 867 2802 Βῃειοπα,
922 2714 1247 2796 Camena,
1299 2713 1727 2802 Esthcytfhld,
1770 2713 2221 2801 Westheytfeld
2266 2721 2327 2781 et
2376 2713 2639 2782 Gowele.

635 2870 1064 2961 Praescriptus
1139 2878 1366 2939 autem
1433 2872 1807 2939 Herbertus
1852 2872 1934 2938 de
2002 2872 2247 2939 Sancto
2308 2871 2633 2952 Quintino
2658 2873 2887 2941 Hayhol-

544 2974 866 3041 concessit
908 2975 1100 3041 nobis
1144 2980 1225 3040 ut
1267 2975 1627 3041 faceremus
1656 2996 1868 3040 unum
1898 2974 2220 3041 fossatum
2249 2997 2363 3041 xx,
2394 2976 2639 3063 pedum
2660 2960 2955 3075 {lffimation

544 3078 618 3142 in
681 3076 1042 3143 latitudine
1103 3098 1224 3164 pro
1289 3076 1507 3142 divisa
1568 3076 1643 3141 in
1708 3076 1989 3141 marisco
2056 3077 2234 3163 quod
2300 3082 2401 3143 est
2462 3077 2642 3142 inter
2663 3090 2771 3141 ofa
2792 3092 2951 3140 boun-

546 3179 914 3245 Burtonam
959 3185 1030 3246 et
1048 3176 1072 3214 ⁹
1103 3178 1580 3266 Hayholmum,
1610 3179 1925 3244 videlicet
1970 3178 2058 3243 ab
2102 3178 2404 3245 Arnhow
2434 3200 2639 3266 usque
2664 3158 2789 3224 ‘¹⁸¹5
2811 3158 2964 3224 dyke.

545 3282 618 3347 in
661 3282 963 3359 Hullum,
1008 3287 1080 3347 et
1120 3287 1202 3348 ut
1265 3286 1518 3347 terram
1570 3280 1939 3368 jaceremus
1982 3302 2069 3347 ex
2112 3286 2395 3368 utraque
2452 3287 2641 3369 parte

545 3382 814 3463 fossati;
855 3384 957 3449 ita
991 3389 1216 3449 tamen
1254 3384 1433 3470 quod
1476 3404 1600 3449 nos
1643 3404 1886 3468 aquam
1930 3382 2113 3448 intra
2157 3383 2409 3453 dictum
2440 3384 2645 3449 fossa-

545 3491 692 3553 tum
735 3485 1012 3557 liberam
1057 3486 1143 3551 ad
1194 3489 1492 3551 nostrum
1565 3485 1907 3572 proprium
1976 3505 2167 3549 usum
2232 3484 2642 3565 haberemus

547 3593 691 3655 tam
735 3588 821 3653 ad
867 3587 1256 3674 piscandum
1286 3608 1489 3674 quam
1534 3587 1621 3651 ad
1665 3587 2069 3673 portandum
2114 3609 2193 3653 ea
2236 3610 2385 3675 quae
2427 3610 2646 3655 neces-

549 3689 726 3756 saria
769 3694 933 3755 sunt
975 3689 1186 3767 nobie,
1245 3694 1314 3755 et
1367 3688 1454 3755 ad
1498 3694 1738 3755 caetera
1780 3688 2177 3755 aisiamenta
2215 3696 2458 3757 nostra.
2551 3692 2643 3756 Et
2668 3698 2704 3747 f·
2725 3702 2787 3747 41
2808 3697 2853 3749 b·

551 3791 884 3859 Hem-icus
913 3792 994 3858 de
1025 3790 1293 3857 Scurres
1322 3790 1511 3857 dedit
1553 3791 1745 3857 nobis
1789 3812 1937 3857 cum
1985 3813 2251 3881 corpore
2293 3815 2414 3859 suo
2440 3815 2646 3859 unam
2668 3776 2911 3842 Bystona.

547 3894 864 3961 bovatam
897 3898 1090 3959 terrae
1112 3894 1186 3959 in
1216 3894 1538 3979 Bystona,
1563 3914 1712 3959 cum
1743 3892 2031 3980 quadam
2048 3878 2333 3983 'pastura
2354 3894 2407 3932 ¹⁰
2432 3896 2647 3962 eidem

551 3998 958 4085 pertinente,
1001 3996 1334 4062 reddendo
1379 3994 1674 4062 Waltero
1739 3995 1823 4063 de
1870 3996 2139 4063 Scurres
2184 4003 2253 4065 et
2296 3996 2649 4065 heredibus

619 4310 635 4345 ¹
670 4326 820 4378 mque
855 4350 874 4365 ,
912 4348 927 4364 .
966 4348 980 4363 .
1019 4309 1258 4377 obtinere]
1319 4324 1351 4361 a
1404 4310 1552 4361 nobis
1716 4311 1737 4340 ⁸
1770 4307 2115 4377 concedebant]
2153 4312 2443 4377 erogabant,
2464 4312 2524 4364 P.

553 4391 732 4443 alienae
752 4400 1026 4452 remanent,
1049 4396 1106 4441 ut
1125 4398 1204 4442 est
1222 4396 1430 4450 certum,
1451 4389 1511 4441 Ρ.
1717 4390 1737 4419 7
1769 4389 1846 4441 Ae
1865 4425 1879 4441 .
1906 4426 1920 4440 .
1944 4426 1957 4440 .
1965 4390 2279 4458 flemma-2]
2323 4392 2553 4458 wanting
2594 4393 2649 4444 in

617 4472 638 4502 ³
671 4472 824 4521 After
843 4470 1039 4521 abbatis
1061 4469 1216 4521 insert
1240 4474 1286 4530 8,
1309 4468 1372 4519 P.
1647 4469 1707 4519 P.

619 4552 638 4581 ⁸
671 4549 826 4615 dedit]
863 4551 1081 4611 dederat,
1103 4550 1162 4601 P.
1715 4549 1738 4579 ⁸
1769 4546 1855 4614 de]
1895 4548 2123 4613 wanting
2144 4548 2197 4599 in
2219 4548 2279 4601 Ρ.

622 4631 641 4660 ⁴
675 4630 828 4680 Aster
853 4628 1086 4679 turbara'oe
1107 4627 1280 4689 insert,
1300 4627 1356 4678 in
1380 4626 1552 4679 latitu-
1718 4628 1740 4657 ⁹
1769 4628 1922 4678 Aster
1954 4635 2003 4679 et
2038 4629 2195 4679 insert
2233 4628 2513 4681 manerium
2535 4647 2651 4682 nos·

553 4708 674 4761 dine
697 4714 748 4758 et
767 4706 1100 4773 longitudine,
1120 4706 1180 4758 Ρ.
1649 4712 1785 4757 trum
1809 4708 1889 4769 de,
1908 4706 1968 4759 P.

625 4788 646 4818 ⁵
677 4787 832 4853 quas]
869 4802 982 4851 quae
1002 4785 1060 4836 in
1079 4786 1204 4837 both
1227 4786 1382 4838 MSS.
1721 4788 1761 4817 ¹⁰
1788 4786 2033 4854 pastura]
2070 4802 2324 4851 mansura,
2346 4788 2407 4841 P.
2454 4760 2459 4771 ⁹
