3519 5734
435 1938 576 1991 ΑΛ).
605 1944 732 1990 1159

435 2010 620 2060 -1187,

437 2099 576 2163 Pope
585 2099 748 2149 Alex-

439 2166 592 2215 ander
611 2166 712 2218 111.

438 2244 628 2295 Bodies
654 2246 715 2296 of

436 2312 524 2361 the
545 2312 705 2377 Magi.

434 2389 604 2441 Battle
626 2393 687 2441 of

436 2456 699 2510 Montfort.

434 2712 618 2763 Eat-th-

435 2780 641 2845 quakes.

431 3713 546 3767 fi23
561 3714 610 3768 b.

431 3973 615 4024 Petrus

433 4041 708 4094 Comestor.

779 815 910 877 214
1295 828 1663 879 Pulmrus
1707 826 1927 881 Annas
1970 826 2347 880 sucumve.

1425 1552 2231 1651 APPENDIX.¹

850 1950 870 1979 ²
884 1944 1272 2016 Praescriptus
1330 1942 1666 1999 Alexander
1722 1962 1878 2016 papa
1922 1944 1958 1999 3
2018 1946 2271 2015 quatuor
2324 1943 2627 2015 antipapas
2689 1942 2871 1999 schis-

774 2030 1016 2085 maticos
1055 2028 1384 2084 successive
1420 2046 1527 2099 per
1581 2030 1650 2083 18
1706 2046 1887 2084 annos
1940 2027 2326 2099 perdurantes
2379 2026 2559 2094 vicit;
2612 2028 2714 2098 qui
2766 2046 2874 2099 per

773 2113 970 2184 ipsum
1021 2130 1234 2185 papam
1287 2113 1777 2169 excommunicati
1830 2130 2033 2167 omnes
2087 2110 2245 2167 mala
2301 2116 2489 2167 morte
2547 2111 2868 2182 perierunt.

775 2198 1037 2269 Corpora.
1069 2198 1253 2252 trium
1289 2214 1598 2267 magorum
1635 2196 1708 2251 de
1743 2196 2080 2253 Mediolano
2122 2196 2423 2253 destructo
2458 2194 2533 2251 ad
2570 2196 2871 2251 Coloniam

773 2287 913 2337 sunt
945 2282 1156 2337 delata.
1233 2280 1585 2337 Theutonici
1635 2280 1793 2352 apud
1842 2280 2348 2337 Montem-fortem
2382 2279 2677 2335 Romanos
2711 2280 2872 2337 inva-

771 2366 937 2432 dunt,
975 2371 1037 2423 et
1069 2371 1160 2423 tot
1193 2384 1230 2421 a
1263 2383 1416 2423 nona
1449 2383 1638 2436 usque
1675 2366 1751 2421 ad
1786 2382 2094 2437 vesperam
2130 2364 2472 2419 occiderunt
2491 2368 2560 2420 ut
2592 2381 2871 2421 numerus

770 2450 1168 2506 Romanorum
1204 2450 1534 2505 occisorum
1571 2449 1933 2521 exprimatur
1970 2466 2079 2521 per
2116 2466 2388 2504 versum:

1023 2569 1192 2625 Mille
1231 2570 1435 2627 decem
1471 2568 1666 2625 decies
1704 2574 1765 2625 et
1801 2586 1902 2625 sex
1938 2567 2134 2623 decies
2171 2584 2403 2641 quoque
2440 2566 2586 2623 seni.

769 2703 968 2757 'I'errae
1003 2706 1197 2757 motus
1233 2702 1436 2773 magni
1469 2702 1709 2757 fuerunt
1754 2718 1863 2772 per
1910 2700 2057 2766 loca,
2100 2718 2209 2771 per
2254 2697 2538 2770 Angliam
2597 2698 2873 2756 videlieet

770 2790 830 2839 et
900 2785 961 2841 N
962 2772 1282 2855 or'wagiam
1355 2790 1416 2839 et
1489 2784 1608 2840 alia
1667 2784 1797 2839 loca
1868 2783 2214 2855 longinqua,
2277 2783 2364 2839 ita
2436 2782 2591 2855 quod
2661 2783 2871 2839 civitas

770 2867 1134 2925 Antiochena
1167 2886 1301 2924 cum
1337 2869 1564 2941 Tripoli
1615 2869 1849 2934 cecidit,
1890 2873 2067 2940 atque
2104 2869 2429 2924 Damascus
2480 2885 2617 2924 cum
2667 2867 2872 2924 multis

769 2954 903 3009 aliis
955 2953 1261 3010 submersa
1314 2957 1436 3020 est3
1490 2953 1876 3009 cathenensis
1943 2953 2153 3009 civitas
2200 2953 2438 3023 penitus
2500 2969 2707 3008 eversa
2758 2959 2867 3018 est,

769 3047 830 3094 et
879 3035 1014 3109 plus
1070 3055 1248 3108 quam
1305 3055 1398 3091 xx.
1463 3037 1655 3092 millia
1703 3036 2012 3092 hominum
2081 3037 2301 3092 mortui
2355 3041 2526 3103 sunt3
2593 3053 2871 3108 mareque

767 3122 1182 3194 retrogradum
1231 3138 1472 3177 versum
1527 3127 1639 3186 est,
1699 3127 1762 3177 et
1812 3139 1869 3177 v.
1924 3120 2117 3176 millia
2164 3121 2469 3176 hominum
2517 3121 2581 3176 in
2633 3119 2872 3177 Scicilia

769 3207 1063 3263 submersi
1096 3207 1316 3262 mortui
1353 3212 1506 3262 sunt.
1601 3207 1699 3272 Et,
1755 3211 2107 3277 tempestate
2158 3205 2411 3276 quadam
2446 3211 2664 3271 exorta,
2702 3205 2867 3260 Albi-

767 3310 926 3356 num,
985 3291 1249 3348 Saxoniae
1305 3291 1525 3346 flumen
1577 3290 1928 3363 pergrande,
1986 3290 2178 3346 tribus
2238 3289 2445 3346 diebus
2507 3295 2568 3347 et
2624 3290 2869 3348 totidem

767 3375 1055 3440 noctibus,
1114 3373 1392 3430 facultate
1448 3375 1542 3430 sui
1592 3391 1862 3430 recessus
1914 3374 2149 3440 amissa,
2204 3379 2538 3430 tumescens
2590 3374 2869 3446 ripasque

768 3477 905 3514 suas
947 3457 1249 3523 excedens,
1289 3457 1674 3513 finitimarum
1725 3457 2038 3530 regionum
2090 3474 2347 3524 suarum,
2388 3457 2672 3513 Frisoniae
2708 3456 2869 3513 vide-

764 3543 909 3598 licet
957 3546 1018 3596 et
1073 3539 1357 3606 Samnioe,
1413 3542 1682 3598 homines
1737 3547 1800 3597 et
1846 3541 2135 3612 jumenta,
2176 3541 2475 3608 ecelesias,
2516 3539 2765 3596 aedifioia
2812 3546 2871 3596 et

767 3629 980 3682 caetera
1015 3624 1226 3690 omnia,
1269 3625 1566 3681 solotenus
1616 3624 1954 3681 incredibili
1988 3625 2274 3696 voragine
2322 3624 2561 3680 delevit.
2635 3623 2870 3682 Waldo-

766 3726 967 3766 marus
1019 3726 1126 3764 rex
1176 3709 1478 3766 Danorum
1529 3727 1666 3765 cum
1713 3727 1931 3766 mcccc.
1988 3708 2257 3775 navibus,
2298 3715 2360 3765 et
2406 3708 2704 3766 Henricus
2752 3709 2869 3766 dux

770 3793 1064 3850 Saxonum
1098 3811 1234 3848 cum
1271 3810 1402 3848 m.
1441 3793 1708 3850 millibus
1745 3793 2009 3849 militum
2047 3799 2107 3850 et
2141 3793 2441 3866 peditibus
2476 3793 2870 3849 innumerabi-

766 3877 942 3944 libus,
983 3882 1186 3935 contra
1217 3894 1477 3948 paganos
1500 3877 1931 3949 Wynetlandiae
1965 3879 2214 3949 profecti
2250 3884 2407 3934 sunt.
2463 3877 2684 3934 Lucius
2718 3896 2871 3950 papa

768 3961 957 4028 sedit3
1009 3960 1177 4033 cujus
1225 3967 1489 4033 tempore
1526 3962 1725 4018 floruit
1759 3963 1975 4018 Petrus
2014 3963 2376 4029 Conmestor,
2419 3961 2523 4034 qui
2556 3963 2867 4034 uin-iusque

767 4046 1100 4102 testamenti
1152 4044 1480 4110 historiam,
1537 4063 1667 4117 quae
1720 4045 1940 4102 dicitur
1996 4045 2335 4113 Scolastica,
2393 4045 2751 4118 compilavit,
2810 4051 2871 4100 et

767 4129 1114 4202 allegoriam
1150 4146 1329 4201 super
1364 4129 1570 4186 eadem
1603 4134 1954 4190 testamenta
1987 4130 2050 4186 in
2084 4149 2267 4186 unum
2302 4131 2521 4186 librum
2556 4130 2869 4186 metricum

767 4213 1021 4285 redegit,
1062 4230 1238 4284 quem
1291 4218 1353 4270 et
1404 4212 1700 4269 Auroram
1749 4213 2096 4272 intitulavit.
2188 4213 2301 4272 Oui
2356 4213 2541 4270 Lucio
2594 4213 2868 4270 Urbanus

835 4426 850 4455 ¹
885 4421 1013 4473 This
1034 4421 1313 4488 Appendix
1351 4422 1567 4473 consiste
1603 4424 1664 4474 of
1683 4423 1770 4474 the
1868 4423 2039 4475 which
2070 4425 2227 4476 forms
2258 4431 2372 4490 part
2402 4427 2464 4476 of
2486 4426 2573 4478 the
2594 4427 2869 4493 preceding

767 4502 1018 4555 narrative
1063 4503 1124 4553 of
1169 4501 1341 4566 public
1387 4509 1561 4554 events
1607 4505 1771 4554 under
1868 4510 1991 4555 text.
2060 4504 2156 4556 See
2176 4506 2351 4567 above,
2373 4521 2503 4571 page
2529 4509 2639 4566 179,
2662 4515 2781 4558 note
2806 4514 2853 4558 6.

767 4583 938 4648 Philip
958 4583 1046 4634 the
1067 4583 1254 4634 second
1275 4583 1442 4646 abbot‚
1463 4581 1518 4632 in
1549 4581 1664 4634 MS.
1688 4583 1769 4646 E„
1931 4585 1952 4615 ²
1982 4585 2109 4636 Part
2151 4585 2214 4635 of
2248 4585 2471 4651 Chapter
2506 4585 2633 4637 VII.
2678 4587 2737 4636 in
2780 4587 2869 4638 the

768 4663 1164 4729 corresponding
1183 4662 1310 4714 with
1325 4662 1412 4713 the
1428 4661 1646 4728 original
1667 4665 1769 4714 and
1864 4665 2087 4729 Egerton
2122 4663 2256 4727 MS„
2290 4667 2391 4716 and
2426 4665 2513 4716 the
2552 4681 2866 4718 commence-

767 4743 917 4795 fiiller
937 4742 1135 4808 history
1155 4743 1312 4796 found
1343 4743 1400 4794 in
1421 4742 1534 4798 MS,
1560 4742 1643 4807 P„
1665 4744 1769 4794 and
1862 4750 2003 4796 ment
2035 4744 2099 4796 of
2125 4743 2347 4810 Chapter
2368 4743 2524 4798 VIII.
2558 4744 2615 4796 in
2650 4745 2767 4799 MS.
2801 4747 2864 4798 P.
