3519 5734
1123 834 1130 841 ·
1221 808 1498 857 THOMAS
1541 808 1757 857 ABBAS
1803 810 2109 857 TERTIUS.
2590 794 2717 855 225

618 980 856 1045 ticatas
930 980 1090 1045 alibi
1163 980 1236 1044 in
1304 979 1629 1057 Beforthe,
1697 980 1889 1045 nobis
1963 980 2233 1065 insuper
2300 977 2716 1043 concedebat.
2742 980 3035 1097 ffi’ss'stlffl

619 1082 984 1168 Petrusque
1057 1081 1139 1147 de
1207 1082 1452 1148 Setona
1515 1086 1726 1147 totam
1802 1079 1985 1175 illam
2053 1078 2447 1167 particulam
2516 1084 2716 1145 terrae
2744 1127 2911 1178 Grant

617 1185 700 1249 de
763 1183 914 1268 jure
985 1184 1210 1249 uxoris
1289 1206 1423 1249 suae
1499 1206 1646 1269 quae
1722 1182 2145 1270 protenditur
2216 1204 2333 1268 per
2424 1181 2716 1246 medium
2739 1193 2870 1242 stom
2888 1193 3042 1242 Peter

617 1289 868 1351 curtem
912 1286 1201 1373 grangiae
1265 1291 1510 1351 nostrae
1577 1285 1658 1350 de
1721 1286 1927 1361 Mora,
1989 1284 2347 1349 habentem
2414 1286 2499 1348 49
2570 1304 2715 1369 per·
2738 1259 2916 1388 §egga

616 1388 782 1452 ticas
824 1388 897 1452 in
957 1389 1374 1474 longitudine
1419 1395 1487 1453 et
1556 1410 1756 1452 unam
1804 1387 2122 1473 perticam
2194 1387 2267 1449 in
2338 1386 2715 1463 latitudine,
2764 1375 2775 1387 ”
2868 1374 2881 1387 ’

615 1490 806 1555 nobis
851 1490 1178 1555 concessit.
1287 1489 1500 1569 Quam
1546 1490 1971 1554 donationem
2025 1488 2285 1552 Amicia
2354 1510 2528 1552 uxor
2595 1510 2716 1553 sua

617 1590 1024 1669 confirmans,
1084 1597 1236 1677 post
1317 1597 1592 1656 mortem
1663 1591 1796 1654 viri
1862 1590 1983 1669 sui,
2054 1590 2395 1675 quandam
2469 1594 2715 1654 terram

615 1692 739 1756 sub
819 1698 1003 1758 curte
1092 1694 1288 1758 dictae
1359 1694 1652 1780 grangiae
1727 1693 1810 1758 de
1892 1692 2081 1756 Mora
2148 1715 2189 1755 a
2270 1696 2456 1778 parte
2531 1690 2714 1777 aqui-

615 1793 834 1871 lonali,
901 1818 1050 1880 quse
1122 1795 1323 1860 habet
1399 1818 1600 1860 unam
1674 1794 1991 1880 perticam
2076 1795 2147 1857 in
2214 1793 2579 1858 latitudine
2644 1797 2714 1858 et

619 1900 704 1961 34
748 1897 822 1960 in
883 1896 1314 1984 longitudine,
1371 1903 1709 1983 totamque
1756 1902 1999 1961 terram
2061 1896 2141 1961 de
2192 1897 2383 1961 Mora
2452 1896 2533 1960 de
2596 1917 2715 1959 sua

616 1998 892 2063 dimidia
937 2006 1256 2079 carucata,
1300 2022 1508 2065 unum
1569 2000 1833 2077 toftum,
1878 1999 2067 2065 xviii.
2111 2021 2313 2077 acraS,
2386 2021 2534 2063 cum
2579 2021 2714 2063 una

616 2101 936 2186 perticata
978 2105 1046 2166 et
1105 2102 1397 2178 dimidia,
1441 2106 1511 2167 et
1554 2106 1690 2166 tres
1735 2102 2033 2167 selliones
2098 2088 2315 2177 terrae‚
2361 2100 2553 2165 nobis
2612 2101 2715 2164 in·-

615 2224 810 2287 super
853 2202 1262 2269 concedebat.
1355 2204 1802 2288 Ricardusque
1850 2205 1931 2269 de
1978 2203 2229 2268 Setona
2274 2203 2459 2267 dedit
2522 2202 2713 2267 nobis
2738 2213 2838 2261 and
2862 2212 2995 2263 from

612 2326 732 2390 pro
806 2305 1026 2370 decem
1085 2306 1312 2371 solidis
1385 2311 1600 2371 totam
1675 2311 1918 2369 terram
1995 2327 2143 2389 quae
2225 2304 2550 2390 pertinuit
2626 2304 2713 2369 ad
2736 2277 2963 2395 ggffllfd

615 2406 956 2471 dimidiam
1003 2413 1372 2473 carucatam
1417 2429 1600 2471 suam
1646 2408 1720 2470 in
1751 2406 1985 2483 Mora3
2039 2427 2242 2491 quam
2289 2406 2711 2470 donationem

615 2506 912 2572 Matildis
971 2529 1143 2572 uxor
1204 2530 1340 2587 sua,
1388 2513 1535 2594 post
1596 2514 1878 2573 mortem
1923 2507 2055 2571 viri
2120 2508 2239 2583 sui,
2300 2506 2709 2585 confirmanS,

617 2609 803 2674 dedit
848 2609 1040 2674 nobis
1085 2632 1286 2673 unam
1328 2610 1654 2675 culturam
1701 2615 1769 2673 et
1814 2630 2023 2672 unum
2070 2608 2331 2673 toftum.
2415 2608 2711 2687 Quorum

615 2711 792 2775 filius
839 2710 1135 2796 Rogerus
1180 2710 1365 2775 dedit
1409 2710 1599 2775 nobis
1643 2715 1779 2775 tres
1842 2709 2047 2776 toftos
2095 2716 2163 2775 et
2207 2710 2371 2774 duas
2433 2710 2711 2795 bovatas

615 2816 810 2878 terrae
854 2811 934 2877 de
979 2813 1204 2894 eadem
1250 2813 1527 2878 dimidia
1569 2810 1917 2878 carucata.¹
2028 2812 2311 2878 Thomas
2356 2818 2579 2880 autem
2627 2813 2709 2878 de

617 2915 1006 3000 Greynesby
1049 2915 1402 3001 praedictus
1453 2915 1638 2981 dedit
1686 2915 1979 2981 Roberto
2042 2916 2123 2980 de
2176 2915 2303 2979 Tal
2336 2937 2461 2981 one
2500 2917 2702 2980 servi-
2735 2925 2903 2977 Grant
2924 2929 2987 2977 of

613 3016 785 3080 tium
837 3021 907 3081 et
971 3017 1346 3102 homagium
1395 3016 1670 3082 Roberti
1735 3017 1859 3081 filii
1922 3017 2175 3095 Aliciae,
2242 3019 2479 3082 sororis
2546 3040 2712 3104 prae-
2734 2993 2965 3059 homage.

615 3117 812 3183 dictae
857 3118 1173 3196 Matildis,
1222 3118 1304 3184 de
1364 3119 1639 3183 dimidia
1682 3124 1989 3183 carucata
2034 3124 2229 3184 terrae
2247 3118 2274 3156 ³
2317 3119 2582 3197 ibidem,
2642 3125 2712 3185 et

613 3220 960 3286 servitium
1006 3221 1088 3286 de
1134 3243 1270 3286 una
1313 3221 1559 3286 bovata
1603 3227 1797 3287 terrae
1842 3223 1916 3285 in
1946 3220 2489 3307 Walkyngtona3
2536 3222 2710 3307 quod

611 3323 958 3388 servitium
1029 3323 1264 3388 Petrus
1336 3323 1512 3388 filius
1587 3322 1748 3388 dicti
1827 3322 2103 3387 Roberti
2179 3323 2446 3387 Talonis
2519 3322 2710 3387 nobis

611 3430 840 3511 postea
873 3424 1237 3503 concessit,⁴
1283 3430 1364 3489 ut
1404 3425 1674 3490 inferius
1718 3425 2168 3510 subsequetur.
2266 3424 2395 3503 Qui
2442 3423 2709 3509 quidem

611 3527 893 3591 Thomas
939 3528 1250 3612 quicquid
1296 3526 1651 3591 habuimus
1697 3527 1779 3590 de
1822 3526 2012 3592 feodo
2058 3547 2193 3602 suo,
2222 3526 2332 3590 vel
2370 3526 2445 3588 in
2488 3530 2706 3611 poste-

609 3650 754 3692 rum
815 3628 1055 3693 habere
1098 3650 1447 3714 possemUS,
1501 3628 1693 3693 nobis
1737 3629 2224 3714 imperpetuum
2269 3628 2703 3694 confirmavit.

611 3729 739 3793 Pro
789 3750 918 3813 quo
979 3750 1096 3793 nos
1163 3729 1592 3795 concessimus
1639 3729 1851 3794 eidem
1901 3729 2174 3794 Thomae
2219 3735 2288 3793 et
2357 3729 2706 3795 heredibus

611 3831 748 3895 suis
791 3852 998 3894 unum
1043 3830 1286 3895 toftum
1333 3832 1406 3894 in
1439 3830 1750 3897 Beforthe
1798 3831 1879 3896 de
1924 3832 2116 3896 nobis
2163 3832 2563 3911 tenendum3
2609 3833 2707 3897 ita

610 3933 787 4018 quod
852 3954 972 3997 nos
1034 3932 1204 3996 nihil
1262 3934 1342 3996 de
1407 3933 1500 3997 eis
1564 3934 1969 4018 exigeremus
2044 3937 2285 4018 praeter
2359 3933 2705 3997 dimidiam

607 4035 849 4100 libram
893 4035 1030 4099 albi
1086 4035 1333 4099 incensi
1395 4035 1762 4113 annuatim,
1811 4035 1884 4098 in
1946 4034 2054 4099 die
2100 4035 2331 4100 Sancti
2376 4033 2423 4099 J
2429 4033 2703 4098 ohannis

610 4137 971 4224 Baptistae3
1017 4141 1102 4213 et,
1149 4136 1205 4199 si
1250 4136 1387 4221 ipse
1441 4139 1559 4199 aut
1627 4135 1896 4200 heredes
1941 4135 2044 4199 sui
2106 4136 2315 4221 ipsam
2360 4133 2703 4199 confirma-

607 4241 858 4304 tionem
919 4240 991 4302 in
1054 4239 1273 4324 aliquo
1336 4237 1692 4323 infringere
1754 4241 2248 4322 attemptarent,
2303 4257 2425 4301 nos
2486 4237 2703 4322 ipsum

674 4554 688 4582 ¹
725 4551 877 4601 After
896 4560 1135 4602 carucata
1156 4551 1314 4603 insert
1333 4560 1494 4614 terrae,
1519 4551 1581 4602 P.
1647 4564 1658 4592 ¹
1767 4553 1787 4580 ³
1820 4549 1986 4614 terroe]
2025 4550 2251 4613 wanting
2274 4549 2325 4598 in
2349 4549 2409 4598 P.

673 4632 694 4661 ²
736 4629 942 4696 Talone]
981 4631 1222 4692 Thalone,
1242 4632 1303 4681 P.
1650 4599 1660 4700 ἱ
1687 4581 1702 4697 ι
1770 4631 1787 4658 ⁴
1820 4628 2076 4679 concessit]
2114 4629 2417 4688 conferebat,
2438 4629 2497 4678 P.

2389 4725 2430 4771 P
