3519 5734
813 828 946 894 3041
1333 839 1752 896 Amxnmm
1796 841 2013 896 ABBAS
2056 841 2391 907 QUARTUS.

475 1030 615 1082 Aa).
644 1036 768 1086 119⁷
811 1016 1071 1083 catam¹
1137 1019 1504 1107 reciperent
1565 1022 1694 1089 sibi
1715 1021 1743 1058 ⁹
1789 1021 2099 1110 quietam.
2182 1021 2303 1090 Sin
2360 1025 2605 1100 autem,
2654 1017 2908 1085 Radul-

470 1104 652 1152 ''¹²¹⁰·
809 1120 982 1206 phus
1043 1122 1153 1188 vel
1212 1122 1482 1191 heredes
1545 1125 1650 1190 sui
1714 1125 1989 1192 eandem
2063 1132 2311 1192 terram
2335 1122 2364 1160 ³
2437 1127 2761 1202 tenerent,
2825 1119 2909 1186 de

808 1244 983 1289 anno
1025 1223 1100 1289 in
1145 1247 1413 1308 annum,
1461 1227 1668 1294 donec
1714 1226 2097 1318 Stephanus
2138 1228 2249 1294 vel
2309 1227 2583 1294 heredes
2626 1225 2770 1313 ejus
2812 1223 2909 1289 eis

805 1324 1163 1393 redderent
1186 1326 1213 1365 ⁴
1259 1332 1357 1394 40.
1393 1351 1651 1396 marcas
1677 1331 1720 1410 3⁵
1765 1331 1867 1396 ita
1910 1335 2138 1397 tamen
2168 1329 2346 1418 quod
2390 1328 2668 1417 singulis
2712 1325 2905 1392 annis

805 1428 1180 1497 minuerent
1201 1432 1227 1470 ⁶
1297 1434 1379 1497 12
1447 1432 1700 1498 denarii
1765 1433 1849 1498 de
1922 1432 2241 1520 praedicto
2308 1431 2561 1498 catallo.
2670 1429 2907 1496 Postea

804 1552 979 1613 vero,
1047 1533 1212 1600 ortis
1274 1535 1671 1622 quibusdam
1747 1535 2203 1602 simultatibus
2266 1535 2448 1601 inter
2512 1532 2905 1622 praedictum

805 1629 1232 1724 Radulphum
1277 1642 1348 1702 et
1392 1637 1765 1704 Walterum
1830 1637 2173 1704 dominum
2238 1659 2454 1718 suum,
2500 1637 2676 1702 idem
2722 1635 2902 1700 Wal-

803 1742 988 1804 terus
1032 1739 1312 1807 abstulit
1356 1740 1418 1807 ei
1483 1739 1871 1827 praedictam
1914 1747 2165 1808 terram
2210 1745 2281 1806 et
2325 1740 2458 1804 alia
2518 1740 2699 1805 bona
2760 1736 2905 1824 plu-

802 1841 987 1907 rima.
1079 1841 1339 1909 Deinde
1385 1863 1559 1923 vem,
1606 1843 1883 1930 praefato
1928 1843 2273 1930 Stephano
2318 1847 2564 1908 terram
2627 1839 2905 1907 eandem

805 1945 882 2007 ut
938 1943 1056 2028 jus
1117 1963 1311 2009 suum
1375 1949 1734 2032 repetente,
1779 1945 1920 2033 ipse
1966 1945 2329 2024 WalteruS,
2392 1943 2570 2010 datis
2629 1941 2904 2031 praefato

804 2043 1142 2131 Stephano
1207 2046 1426 2112 tribus
1489 2046 1742 2124 marcis,
1814 2052 2067 2113 cartam
2088 2046 2114 2083 ⁷
2179 2047 2424 2132 quietae
2489 2043 2906 2112 clamationis

804 2153 1143 2234 perpetuae
1188 2148 1273 2213 ab
1318 2147 1546 2214 eodem
1569 2146 1595 2186 ⁸
1637 2148 2046 2237 impetravit.
2136 2149 2369 2214 Simon
2415 2169 2677 2234 quoque
2720 2145 2907 2212 cleri-

804 2269 918 2313 cus
967 2251 1053 2313 12
1097 2271 1281 2316 acras
1325 2255 1520 2317 terrae
1579 2251 1654 2315 in
1699 2251 1929 2316 eadem
1972 2250 2138 2316 villa
2182 2250 2375 2317 nobis
2419 2247 2648 2316 dedit?
2740 2248 2906 2330 Quae

805 2353 1028 2416 omnia
1103 2357 1334 2440 postea
1407 2375 1560 2420 cum
1635 2353 1910 2421 Matheo
1984 2355 2069 2419 de
2144 2351 2549 2430 Rowtona,¹⁰
2610 2357 2905 2439 tempore

805 2453 1072 2520 Ricardi
1115 2455 1374 2523 abbatis
1444 2460 1549 2538 10,
1593 2456 1869 2524 fuerunt
1931 2460 2331 2544 permutata,
2378 2460 2459 2521 ut
2502 2454 2763 2542 parebit
2804 2454 2907 2518 in-

471 2555 634 2606 Gmnt
657 2559 718 2610 of
805 2554 1075 2624 ferius.¹¹
1194 2558 1452 2624 Deinde
1504 2558 1851 2646 Turgisius
1894 2557 1977 2624 de
2025 2559 2206 2644 Bray
2252 2563 2323 2624 et
2376 2556 2777 2624 willielmus
2822 2557 2904 2622 de

468 2623 781 2692 Wythedyk.
807 2656 1258 2739 Fontanet0,¹'²
1305 2666 1376 2727 et
1423 2659 1727 2726 Matildis
1774 2661 1858 2726 de
1904 2660 2139 2727 Scures
2181 2681 2351 2726 uxor
2396 2681 2640 2740 eorum,
2673 2659 2907 2724 confir-

805 2767 1160 2827 maverunt
1221 2762 1412 2828 nobis
1475 2763 1658 2828 illam
1728 2785 2043 2850 magnam
2102 2761 2415 2828 fossatam
2480 2761 2675 2827 modo
2740 2759 2909 2846 Wy-

801 2864 1068 2949 thedyk
1090 2860 1140 2902 ¹⁸
1170 2871 1656 2953 nuncupatam,
1706 2888 1857 2953 quae
1902 2867 2091 2933 venit
2156 2865 2239 2931 de
2304 2867 2509 2953 ponte
2557 2863 2771 2930 Rudae
2836 2867 2905 2930 et

800 2965 994 3033 vadit
1036 2988 1242 3053 usque
1303 2968 1377 3032 in
1445 2976 1698 3035 curtem
1768 2969 2057 3036 abbatiae
2119 2973 2377 3047 nostrae,
2446 2973 2516 3034 et
2579 2966 2759 3032 viam
2823 2988 2908 3032 ex

801 3072 1080 3155 utraque
1123 3075 1313 3157 parte
1357 3070 1617 3137 fossatae
1662 3070 1957 3149 liberam,
1986 3077 2056 3137 et
2084 3092 2347 3137 cursum
2392 3092 2584 3156 aquae
2624 3070 2905 3136 liberum

799 3178 867 3237 et
913 3174 1300 3259 expeditum
1363 3173 1447 3239 ab
1517 3172 1825 3239 omnibus
1871 3173 2383 3262 impedimentiS,
2432 3178 2757 3259 quantum
2818 3173 2907 3237 ad

466 3269 502 3319 f.
526 3275 606 3320 ³2·
799 3275 1209 3343 territorium
1303 3276 1384 3341 de
1463 3276 1769 3362 Rystona
1841 3276 2225 3364 pertinebat
2274 3302 2291 3358 ;
2372 3276 2575 3341 salvis
2649 3274 2905 3341 duobus

798 3377 992 3443 vadis
1066 3383 1355 3459 tantum,
1429 3378 1516 3443 ad
1591 3380 1995 3466 sequendam
2071 3400 2487 3445 communem
2550 3378 2632 3443 de
2708 3376 2907 3442 Ruda

465 3485 621 3551 Dyke
641 3487 726 3537 be-
799 3480 1112 3546 videlicet
1175 3486 1244 3547 et
1311 3480 1392 3545 de
1440 3480 1758 3567 Bystona.
1869 3480 2070 3548 Unde
2137 3480 2451 3546 fossatam
2498 3480 2579 3545 de
2623 3478 2907 3565 Turkyl-

463 3553 775 3683 gffiglm'hr-
801 3581 1023 3648 holmo
1099 3604 1309 3669 usque
1377 3582 1464 3647 ad
1541 3582 2111 3670 Brakynholmum
2182 3583 2375 3649 nobis
2442 3582 2905 3659 concedebant,

465 3687 566 3736 and
587 3686 712 3736 Bra-
802 3683 1158 3750 habentem
1203 3707 1266 3750 x.
1312 3685 1508 3772 pedes
1552 3685 1627 3749 in
1669 3686 2025 3751 latitudine
2070 3686 2157 3751 ad
2202 3685 2442 3763 minus,
2478 3692 2547 3751 et
2591 3685 2771 3750 viam
2818 3706 2903 3749 ex

466 3752 730 3816 kynholm.
802 3809 936 3874 qua
979 3793 1168 3875 parte
1210 3788 1476 3855 fossatae
1529 3787 1932 3855 voluerimus
1976 3788 2297 3869 liberam3
2341 3789 2441 3853 ita
2470 3788 2647 3875 quod
2674 3787 2905 3853 eadem

871 4037 884 4065 ¹
920 4034 1074 4086 After
1093 4043 1380 4085 carucatam
1395 4034 1553 4086 insert
1569 4042 1734 4097 terrae,
1749 4034 1811 4085 P.
1964 4036 2242 4102 'perpetuae
2264 4032 2330 4085 ab
2352 4032 2537 4102 eodem]
2556 4034 2620 4086 ab
2636 4048 2697 4085 eo
2718 4033 2904 4098 imper-

870 4127 893 4157 ²
922 4126 1045 4193 sibi]
1074 4126 1299 4193 wanting
1321 4127 1374 4177 in
1396 4126 1456 4177 P.
1896 4121 2119 4179 petum,
2141 4114 2203 4165 Ρ·
2830 4113 2847 4131 ”

871 4219 890 4249 ⁸
921 4218 1119 4269 eandem
1142 4218 1349 4285 terram]
1377 4232 1503 4281 eam,
1528 4215 1588 4268 P·
1962 4195 1983 4224 ⁹
2016 4194 2169 4244 Aster
2188 4192 2319 4245 dedit
2340 4193 2500 4245 insert
2518 4200 2796 4259 perpetuas,
2818 4190 2878 4242 P.

869 4312 888 4339 ⁴
921 4312 992 4361 ees
1013 4310 1292 4377 redderent]
1320 4310 1648 4371 reddiderint,
1669 4308 1730 4360 P.
1966 4274 2005 4384 J:
2018 4272 2304 4417 ssussffu‘ffg‘f]
2320 4271 2655 4418 ἦᾚῗζίξ]
2681 4365 2905 4403 resem-

841 4484 854 4497 .
869 4403 890 4431 ⁸
922 4401 1076 4453 Aste‘
1107 4418 1302 4454 marcm
1335 4410 1492 4453 mm
1523 4409 1658 4454 ‘mut
1686 4416 1814 4467 9³⁸³*
1896 4432 1964 4483 tis
1985 4432 2221 4499 homagio
2255 4439 2306 4483 et
2337 4430 2545 4482 servitio
2577 4431 2728 4481 unius
2760 4430 2903 4479 librae

805 4486 994 4535 ‹hctum
1015 4490 1106 4546 est,
1128 4485 1187 4537 P.
1896 4512 2098 4577 piperis,
2122 4519 2240 4563 sunt
2261 4517 2555 4577 permutata,
2576 4509 2636 4560 P.

872 4577 894 4606 ⁴
921 4578 1215 4645 minuerent]
1242 4579 1491 4640 caderent,
1512 4576 1572 4629 P.
1964 4593 2003 4623 ¹²
2032 4591 2186 4643 After
2208 4590 2478 4641 Pontanena
2495 4590 2667 4650 insert,
2688 4603 2778 4653 per
2796 4602 2904 4639 ma-

876 4671 895 4699 '¹
925 4668 1078 4722 After
1097 4678 1284 4721 cartam
1301 4669 1458 4722 insert
1473 4669 1812 4723 concessionis
1895 4670 2139 4737 ritagium
2159 4670 2355 4722 domini
2378 4670 2442 4721 de
2462 4670 2713 4735 Bystona,
2735 4668 2794 4720 P.

805 4754 870 4813 et,
892 4747 956 4801 P.
1963 4751 2001 4782 ¹⁸
2045 4748 2335 4817 Wyffissdyk]
2362 4748 2651 4816 wyffidyks
2672 4748 2734 4801 P·
