3519 5734
707 825 837 888 140
1368 839 1564 888 ,mm
1607 840 1829 891 ABBAs
1873 842 2147 892 ramus,

702 1014 880 1078 ranti
923 1014 996 1079 in
1039 1012 1164 1078 tali
1224 1015 1559 1100 proposito
1627 1014 1888 1082 litteras
1952 1016 2164 1081 tradit
2207 1021 2289 1082 ut
2340 1003 2475 1082 'loci
2520 1017 2804 1104 priorem

701 1116 915 1195 adeat,
961 1117 1076 1202 qui
1137 1116 1442 1182 similiter
1503 1116 1877 1205 ingressum
1938 1117 2293 1196 dissuadet,
2337 1119 2664 1184 hortando
2724 1124 2805 1184 ut

701 1218 902 1283 aliam
945 1217 1414 1304 poenitentiam
1479 1225 1791 1286 assumat.
1884 1220 2081 1300 Quod
2146 1220 2197 1284 si
2263 1226 2655 1307 perseveret,
2702 1221 2805 1286 in-

700 1321 993 1385 troducit
1051 1341 1204 1386 eum
1268 1318 1342 1384 in
1407 1319 1758 1402 ecclesiam,
1806 1328 1885 1387 ut
1947 1325 2029 1387 15
2078 1321 2311 1388 diebus
2366 1315 2641 1409 jejuniis
2666 1321 2687 1360 ¹
2734 1327 2807 1388 et

701 1422 1111 1488 orationibus
1177 1422 1536 1510 indulgeat.
1647 1424 1809 1489 Post
1883 1446 2047 1510 quos
2118 1425 2454 1490 hominem
2516 1447 2805 1491 commu-

698 1524 897 1589 nione
961 1525 1295 1588 munitum
1360 1525 1666 1611 producit
1728 1545 1877 1590 cum
1944 1527 2353 1611 processione
2417 1530 2487 1592 et
2513 1550 2522 1558 ·
2550 1526 2804 1591 letania

699 1648 902 1712 usque
945 1627 1032 1692 ad
1076 1626 1322 1691 ostium
1365 1625 1753 1713 purgatorii,
1814 1627 1933 1692 ubi
1992 1627 2197 1692 etiam
2263 1628 2506 1694 iterum
2552 1628 2807 1692 dissua-

699 1728 814 1793 det
884 1728 1268 1816 ingressum.
1377 1727 1510 1794 Sed
1574 1728 1631 1794 si
1693 1729 1911 1794 adhuc
1971 1737 2361 1817 perseveret,
2430 1729 2673 1795 ostium
2740 1731 2801 1794 ei

700 1851 850 1894 cum
915 1830 1372 1895 benedictione
1445 1829 1678 1916 aperit,
1757 1836 1829 1896 et
1907 1837 2056 1918 post
2118 1832 2488 1920 ingressum
2556 1832 2802 1897 ostium

697 1931 1116 2018 reconsignat
1158 1952 1366 2016 usque
1410 1931 1482 1996 in
1528 1933 1704 1997 diem
1763 1931 2046 1998 alterum
2109 1955 2317 2000 mane.
2412 1933 2559 2016 Quo
2604 1934 2804 1999 adve-

699 2034 944 2112 niente,
991 2035 1186 2121 prior,
1234 2035 1292 2098 si
1360 2033 1693 2099 hominem
1755 2035 2017 2122 reperit,
2061 2057 2212 2101 cum
2255 2038 2662 2124 processione
2705 2058 2807 2102 re-

699 2135 924 2216 ducit;
1001 2135 1120 2200 ubi
1193 2135 1339 2200 aliis
1417 2139 1499 2200 15
1579 2136 1810 2202 diebus
1874 2135 2149 2222 jejuniis
2236 2143 2308 2203 et
2396 2137 2803 2202 orationibus

698 2237 1010 2303 intendit.
1103 2237 1296 2317 Quod
1339 2237 1395 2301 si
1439 2238 1648 2302 altera
1694 2238 1800 2302 die
1844 2238 2073 2304 eadem
2120 2239 2283 2303 hora
2324 2259 2621 2304 reversus
2666 2261 2803 2304 non

699 2339 1100 2426 apparuerit,
1145 2339 1493 2404 certissimi
1538 2339 1620 2404 de
1666 2340 1808 2425 ejus
1853 2341 2240 2426 perditione,
2290 2342 2456 2406 ostio
2501 2365 2543 2405 a
2586 2342 2800 2427 priore

366 2457 566 2509 Owen’s
583 2475 660 2510 re-
699 2427 1016 2521 obserato,
1092 2440 1388 2506 universi
1462 2442 1790 2507 recedunt.
1915 2441 2066 2529 Ipse
2142 2442 2408 2528 quidem
2484 2443 2803 2508 Oswenus
2888 2439 2897 2449 ’

363 2525 659 2643 ζοίὲξὲᾞέω
706 2543 909 2624 miles,
943 2542 1024 2608 de
1070 2565 1202 2630 quo
1245 2542 1644 2630 praedicitur,
1675 2543 1926 2608 dictum
1970 2545 2427 2631 purgatorium
2469 2543 2801 2631 ingressus

363 2666 638 2724 purgatory
696 2650 814 2725 est,
861 2650 930 2711 et
975 2645 1098 2710 hoc
1140 2646 1354 2712 modo,
1445 2645 1617 2712 Cum
1661 2652 1886 2711 autem
1930 2647 2016 2710 ad
2062 2647 2453 2734 episcopum,
2499 2645 2574 2711 in
2616 2645 2802 2732 cujus

363 2739 616 2842 ssgepen-
698 2747 964 2812 dioecesi
1039 2746 1294 2811 dictum
1369 2745 1827 2834 purgatorium
1900 2752 2019 2826 est,
2086 2748 2507 2814 confessionis
2582 2749 2803 2836 gratia

697 2849 972 2926 veniret,
1003 2852 1071 2913 et
1113 2848 1201 2914 ab
1244 2870 1320 2915 eo
1363 2872 1484 2936 pro
1513 2849 1798 2937 peccatis
1825 2850 2239 2937 gravioribus
2284 2850 2803 2939 redargueretur,

701 2956 780 3014 ut
830 2950 1280 3016 remissionem
1343 2958 1762 3038 peccatorum
1823 2952 2112 3039 accipere
2180 2959 2553 3033 mereretur,
2596 2955 2809 3042 poeni-

698 3052 986 3119 tentiam
1043 3052 1466 3138 ingressionis
1535 3054 1700 3121 dicti
1762 3056 2131 3142 purgatorii
2189 3055 2486 3143 episcopo
2550 3056 2805 3121 dissua-

697 3154 894 3220 dente
923 3156 1276 3243 praeelegit.
1343 3156 1574 3243 Ipsum
1601 3162 1825 3222 autem
1856 3156 1949 3221 sic
1977 3156 2433 3243 persistentem
2464 3158 2803 3244 episcopus

695 3256 782 3321 ad
824 3255 948 3321 loci
989 3258 1274 3343 priorem
1320 3258 1839 3325 transmittebat.
1915 3258 2061 3338 Quo
2105 3260 2351 3324 iterum
2380 3259 2802 3324 dissuadente

696 3362 765 3422 et
827 3358 1116 3445 pericula
1177 3365 1564 3446 exponente,
1610 3360 1831 3447 ipsum
1898 3383 1941 3425 a
2001 3362 2337 3447 proposito
2401 3383 2536 3426 non
2578 3360 2801 3448 potuit

361 3477 587 3529 Instruc·
696 3482 1014 3525 revocare.
1107 3460 1294 3526 Prior
1337 3462 1559 3547 igitur,
1620 3484 1873 3527 morem
1919 3463 2375 3549 praescriptum
2421 3486 2539 3549 per
2580 3463 2803 3528 omnia

363 3544 672 3675 {ffffinffiggn
697 3584 1042 3648 exequens,
1085 3561 1288 3627 militi
1348 3564 1583 3642 aiebat,
1629 3570 1664 3600 “
1687 3564 1854 3630 Ecce
1913 3586 2092 3630 nunc
2152 3565 2452 3646 intrabis,
2498 3570 2639 3630 tam
2683 3564 2801 3629 diu

359 3675 444 3727 the
465 3676 605 3740 prior
620 3676 682 3727 of
699 3671 735 3699 “
779 3686 895 3750 per
957 3665 1430 3729 concavitatem
1493 3667 1992 3731 subterraneam
2058 3668 2293 3746 iturus,
2341 3668 2547 3733 donec
2607 3688 2801 3733 exeas

359 3742 447 3792 ὼε
469 3742 626 3807 ¹²¹³⁰⁸·
701 3773 738 3801 “
783 3767 858 3829 in
901 3786 1204 3852 campum
1266 3788 1490 3846 unum,
1537 3768 1612 3831 in
1657 3790 1790 3854 quo
1834 3768 2054 3833 aulam
2096 3768 2400 3834 invenies
2442 3770 2614 3834 mira
2657 3777 2803 3835 arte

697 3876 732 3901 “
777 3866 1161 3931 fabricatam
1185 3865 1246 3947 ;'’
1319 3869 1722 3956 nuntiosque
1785 3870 1993 3936 bonos
2058 3876 2127 3936 et
2190 3875 2621 3959 temptatores
2677 3870 2803 3936 ibi-

358 3979 443 4030 He
464 3987 630 4031 envers
699 3968 849 4033 dem
899 3967 1226 4033 affuturos
1268 3970 1678 4056 praedicebat.
1768 3970 1962 4036 Miles
2024 3972 2289 4058 quidem
2336 3979 2642 4037 constans
2683 3994 2804 4057 per

355 4046 578 4177 ἒξζέιὲὴ
602 4063 630 4097 ²¹
697 4075 957 4156 portam
1009 4069 1313 4149 intravit,
1358 4093 1559 4157 quam
1619 4074 1801 4159 prior
1844 4074 2075 4138 statim
2142 4074 2388 4139 deforis
2450 4074 2796 4139 obseravit

699 4171 1318 4259 Ingravescentibus
1391 4174 1602 4261 magis
1675 4175 2014 4263 magisque
2094 4176 2387 4241 tenebris
2462 4177 2534 4239 in
2608 4176 2797 4240 brevi

695 4274 908 4340 lucem
953 4274 1190 4339 amisit.
1280 4274 1574 4341 Tandem
1604 4276 1726 4341 lux
1769 4278 2092 4363 paulatim
2138 4278 2339 4365 coepit
2380 4298 2497 4364 per
2538 4277 2797 4341 foveam

697 4375 918 4441 emitti
960 4398 1044 4441 ex
1089 4380 1478 4443 transverso,
1556 4378 1697 4444 Nec
1726 4401 1923 4457 mora,
1953 4380 2027 4445 in
2057 4402 2360 4467 campum
2402 4379 2797 4466 praedictum

702 4580 2292 4590 ---——-———-————————-———-—-——-———————————

1409 4707 1422 4735 ¹
1443 4705 1680 4775 jejuniis]
1712 4706 1947 4771 jujuniis,
1976 4706 2091 4759 MS.
