3519 5734
786 815 864 876 11
877 814 914 876 2
1447 827 1645 877 Anu
1689 827 1905 877 ABBAs
1950 828 2221 878 ramus,

782 1002 1068 1057 vomitum
1121 1019 1236 1056 non
1287 1007 1486 1073 posset
1535 1001 1947 1057 eucharistiam
1996 1001 2269 1064 retinere,
2310 1003 2371 1055 et
2404 999 2514 1056 hac
2568 1000 2642 1058 de
2695 1019 2876 1058 causa

781 1085 995 1141 fratres
1031 1085 1161 1157 ejus
1196 1102 1405 1142 verum
1430 1089 1855 1140 sacramentum
1892 1084 1948 1140 ei
1982 1085 2192 1140 afferre
2214 1084 2556 1140 noluissent.
2618 1085 2875 1159 Rogavit

783 1186 882 1224 eos
919 1175 986 1224 ut
1024 1170 1236 1225 saltem
1272 1187 1448 1241 super
1481 1169 1638 1224 latus
1674 1168 1803 1240 ejus
1854 1173 2278 1224 sacramentum
2324 1168 2651 1239 ponerent.¹
2743 1169 2871 1239 Quo

781 1252 952 1318 facto,
994 1254 1149 1309 latus
1201 1252 1420 1307 infirmi
1458 1271 1520 1307 se
1555 1253 1806 1323 aperuit,
1848 1257 1908 1306 et
1941 1251 2135 1306 hostia
2168 1250 2424 1306 Christi²
2458 1269 2522 1307 se
2558 1252 2869 1309 immersit.
2960 1317 2965 1322 ,

779 1343 921 1410 Iste,
961 1345 1101 1400 dum
1137 1345 1302 1410 vixit,
1341 1344 1529 1399 multa
1563 1344 1846 1416 opuscula
1879 1343 2140 1400 dictavit.
2216 1334 2378 1400 Post
2422 1357 2615 1422 quem
2643 1336 2873 1402 floruit

445 1460 664 1510 Richard
687 1460 749 1510 of
781 1437 1100 1504 Ricardus
1168 1438 1248 1502 de
1311 1438 1554 1503 Sancto
1598 1437 1880 1516 Victore,
1949 1437 2063 1524 qui
2128 1436 2261 1501 alia
2326 1439 2639 1523 opuscula
2700 1461 2871 1505 com-

409 1549 422 1558 “
441 1525 519 1578 5¹²·
543 1527 739 1578 Victor.
777 1541 1032 1628 pilavit.
1143 1542 1346 1604 Anno
1394 1539 1661 1626 quidem
1706 1561 1839 1626 quo
1884 1539 2102 1604 dictus
2146 1539 2347 1626 Hugo
2406 1545 2709 1606 mortuus
2753 1544 2872 1618 est,

779 1641 1141 1708 Gracianus
1203 1642 1284 1708 de
1349 1641 1585 1708 Tuscia
1643 1647 1861 1720 natuS,
1906 1639 2265 1705 monachus
2332 1640 2563 1707 Sancti
2610 1643 2871 1708 Proculi

775 1745 848 1808 in
895 1744 1211 1822 Bononia,
1255 1743 1638 1830 compilavit
1682 1743 1959 1808 decreta.
2052 1739 2257 1826 Cujus
2287 1741 2492 1807 frater
2519 1763 2871 1830 germanus

775 1847 1010 1912 Petrus
1055 1845 1458 1911 Lombardus
1503 1845 1840 1932 episcopus
1870 1842 2254 1908 Parisiensis
2297 1844 2684 1931 compilavit
2714 1867 2874 1931 qua-

774 1953 929 2014 tuor
970 1948 1172 2013 libros
1217 1947 1710 2014 Sententiarum
1740 1973 1756 2028 ;
1820 1945 2215 2011 Psalterium
2262 1968 2524 2032 quoque
2596 1953 2665 2012 et
2711 1948 2869 2035 Epi-

439 2075 622 2127 Hilde-
773 2051 974 2117 stolas
1020 2049 1212 2114 Pauli
1255 2050 1591 2137 glossavit.
1691 2048 2117 2136 Hildegardis
2148 2049 2453 2114 monialis
2483 2047 2755 2130 floruit3
2800 2055 2873 2116 et

440 2145 609 2209 8²¹⁵&-
772 2151 944 2218 liber
988 2152 1035 2217 J
1037 2152 1316 2217 ohannis
1360 2151 1754 2217 Damasceni
1797 2149 1871 2215 in
1917 2148 2234 2214 Latinum
2277 2155 2379 2215 est
2423 2150 2828 2217 translatus.⁸

785 2353 945 2442 CAP.
977 2373 1142 2439 XVI
1151 2374 1202 2440 Ι.
1247 2374 1347 2440 Dc
1389 2373 1643 2442 Sancto
1670 2371 2043 2449 Bemardo,
2074 2371 2299 2439 abbate
2347 2371 2869 2441 Glaroevallensi.

439 2578 747 2632 A.D.1153.
877 2555 1131 2623 Eodem
1177 2556 1417 2644 quippe
1475 2527 1789 2642 tempore,
1835 2575 2009 2620 anno
2052 2553 2361 2620 videlicet
2405 2555 2606 2621 tertio
2648 2577 2691 2622 a
2731 2577 2871 2622 mo-

438 2681 620 2732 Nofioe
640 2682 702 2733 of
776 2659 1050 2724 nasterii
1094 2660 1307 2724 nostri
1349 2657 1755 2734 fundatione,
1794 2664 1941 2722 obiit
1994 2663 2244 2719 Sanctus
2296 2663 2654 2732 Bernardus,
2690 2665 2871 2722 abbas
2892 2683 2957 2736 B.
2982 2683 3189 2750 Higden

441 2747 514 2800 St.
538 2749 664 2800 Ber·
777 2759 1270 2818 Glaraevallensis.
1345 2759 1460 2830 Qui
1512 2761 1573 2814 in
1627 2755 1975 2828 Burgundio,
2026 2760 2219 2810 castro
2272 2753 2477 2812 Fontis
2492 2759 2515 2788 ⁴
2566 2755 2869 2823 oriundus,
2896 2751 2990 2802 001·
3010 2756 3158 2803 2889.

439 2816 579 2866 aad·
611 2829 616 2836 ⁶
775 2844 933 2899 filius
971 2844 1196 2899 strenui
1231 2844 1460 2909 militis,
1487 2847 1750 2899 materno
1786 2840 2045 2914 primum
2079 2839 2230 2895 lacte
2264 2838 2477 2895 deinde
2510 2839 2659 2897 cibis
2706 2857 2871 2913 gros·

731 2984 738 2990 ,
780 2927 1037 2984 sioribus
1073 2926 1272 2983 fuerat
1336 2928 1649 2983 enutritus.
1742 2924 2008 2982 Tandem
2066 2923 2174 2977 sub
2234 2940 2385 2978 anno
2444 2925 2655 2995 gratioe
2707 2926 2867 2992 1112,

777 3038 816 3075 a
848 3017 1270 3079 constitutione
1306 3011 1527 3068 ordinis
1565 3008 1973 3066 Cisterciensis
2010 3005 2122 3072 15⁰,
2173 3006 2363 3087 aetatis
2419 3024 2541 3062 suae
2576 3008 2687 3074 22⁰,
2735 3026 2871 3063 cum

779 3113 850 3169 30
886 3111 1062 3169 soc-iis
1101 3105 1454 3165 cistercium
1490 3103 1841 3175 ingreditur,
1880 3098 1967 3171 et,
2004 3103 2137 3170 post
2161 3098 2430 3169 quintum
2476 3100 2871 3156 conversionis

779 3223 902 3261 suoe
975 3219 1215 3267 annum,
1290 3197 1467 3253 abbas
1540 3194 2009 3252 Claraevallensis
2080 3197 2445 3265 destinatur;
2519 3200 2621 3253 ubi
2694 3217 2919 3277 supra·

780 3289 1099 3344 humanam
1164 3279 1639 3339 consuetudinem
1688 3278 1963 3350 vigilans,
2018 3281 2248 3337 nullum
2306 3288 2539 3354 tempus
2600 3300 2664 3338 se
2722 3282 2873 3339 dixit

777 3372 970 3444 magis
1018 3369 1266 3443 perdere
1304 3382 1480 3437 quam
1533 3380 1650 3435 quo
1700 3362 1997 3430 dormivit,
2060 3382 2328 3421 somnum
2342 3365 2361 3397 ⁶
2416 3366 2592 3421 morti
2640 3383 2871 3437 compa-

775 3474 932 3513 rans.
1015 3454 1342 3511 Stertentes
1380 3453 1440 3503 et
1473 3446 1854 3518 incomposite
1890 3447 2241 3504 dormientes
2276 3449 2375 3503 vix
2408 3448 2709 3505 tolerabat.
2776 3448 2875 3505 Ad

779 3541 977 3597 cibum
1035 3546 1313 3608 tanquam
1373 3531 1449 3588 ad
1504 3536 1861 3587 tormentum
1918 3533 2185 3589 accessit.
2294 3534 2541 3605 Propter
2599 3551 2876 3606 magnam

777 3622 1192 3681 abstinentiam
1227 3634 1442 3689 magna
1477 3633 1548 3670 ex
1581 3620 1747 3687 parte
1794 3616 2058 3671 ciborum
2107 3616 2518 3673 discretionem
2576 3620 2871 3685 amiserat,

777 3709 861 3763 ita
897 3706 1135 3778 quidem
1169 3708 1237 3757 ut
1271 3701 1467 3757 oleum
1501 3717 1608 3771 pro
1630 3700 1786 3764 vin0‚
1816 3701 2163 3771 sanguinem
2185 3718 2293 3773 pro
2316 3700 2533 3768 butiro,
2561 3702 2873 3774 aliquando

761 3793 1051 3847 sumeret.
1125 3786 1434 3856 Dixitque,
1461 3783 1646 3838 solam
1695 3800 1909 3853 aquam
1963 3783 2076 3838 sibi
2114 3802 2338 3855 sapere,
2378 3802 2448 3841 eo
2484 3785 2641 3856 quod
2675 3785 2872 3841 fauces

777 3893 914 3931 suas
963 3869 1369 3943 refrigerabat.
1446 3866 1738 3937 Quicquid
1790 3865 1863 3921 de
1914 3868 2221 3939 scripturis
2270 3867 2584 3935 dedicerat,
2623 3870 2872 3925 maxime

775 3961 840 4015 in
875 3957 1043 4015 silvis
1080 3962 1140 4011 et
1173 3955 1234 4009 in
1273 3953 1436 4024 agris
1473 3949 1808 4005 meditando
1862 3957 1923 4005 et
1974 3952 2192 4007 orando
2232 3951 2540 4019 hauserat;
2579 3970 2689 4008 nec
2723 3953 2871 4009 alios

773 4062 841 4099 se
875 4040 1150 4098 habuisse
1186 4038 1500 4108 magistros
1539 4052 1714 4103 quam
1770 4050 2019 4105 quercus
2074 4040 2134 4091 et
2181 4033 2387 4107 fagns‘
2420 4035 2727 4109 fatebatur.
2798 4035 2873 4092 In

775 4126 1040 4183 vestibus
1102 4122 1230 4193 ejus
1289 4122 1621 4191 paupertas,
1685 4117 1791 4172 sed
1848 4118 2067 4189 absque
2128 4118 2399 4174 sordibus
2458 4119 2588 4173 fuit.
2664 4156 2681 4173 .
2760 4158 2775 4174 .
2852 4138 2885 4175 .·

775 4209 1043 4267 Noviciis
1103 4204 1453 4276 religionem
1510 4202 1761 4257 intrare'
1790 4201 2117 4257 volentibus
2191 4202 2389 4258 dicere
2446 4209 2867 4261 consueverat=

845 4412 858 4441 ι
887 4404 1150 4473 ponerent]
1189 4400 1416 4453 sonex-ent
1437 4400 1492 4449 in
1513 4398 1626 4449 MS.
1936 4400 1953 4429 ⁴
1990 4397 2189 4465 Fontis]
2227 4397 2490 4457 Fontauis,
2512 4398 2579 4451 R.
2600 4398 2671 4449 H.

841 4490 864 4521 ²
903 4484 1116 4549 Christe]
1155 4480 1366 4546 corpori,
1387 4480 1451 4528 B.
1475 4478 1544 4529 Η.

843 4569 864 4598 ⁸
897 4564 1012 4617 The
1053 4562 1188 4613 book
1232 4560 1318 4610 De
1347 4556 1456 4622 fide
1497 4554 1780 4615 orthodoxa,

777 4644 1054 4698 translated
1084 4641 1217 4691 stom
1248 4638 1335 4690 the
1357 4636 1526 4689 Greek
1558 4635 1628 4700 by
1649 4634 1781 4685 Bur-
1942 4632 1963 4663 ⁸
1985 4632 2168 4699 saque]
2208 4632 2371 4698 fagus,
2393 4630 2509 4685 MS.

781 4724 970 4793 gondio
992 4721 1053 4773 of
1066 4720 1204 4771 Pisa.

1934 4517 1955 4546 ⁸
1987 4516 2224 4582 somnum]
2263 4514 2548 4581 sompnum,
2568 4514 2681 4569 MS.
