3519 5734
1317 858 1513 912 amu
1555 859 1776 912 ABBAs
1820 861 2094 912 rimans,
2628 847 2754 915 145

659 1055 1004 1124 poenarum
1049 1055 1211 1122 quas
1255 1035 1641 1104 sustinebat.
1734 1034 2020 1104 Cernens
2063 1039 2289 1101 tamen
2363 1055 2473 1101 eos
2516 1035 2759 1102 subsis-

654 1146 799 1206 tere
842 1161 961 1206 nec
1003 1138 1181 1206 ultra
1231 1138 1538 1226 progredi
1591 1139 1829 1219 valere,
1880 1141 2105 1226 piique
2151 1139 2442 1205 ductoris
2501 1138 2603 1204 sui
2654 1159 2754 1204 re-

658 1243 1029 1321 miniscens,
1076 1243 1367 1308 securius
1428 1242 1795 1309 incedebat.
1887 1243 2238 1310 Daemones
2289 1249 2514 1308 autem
2557 1263 2757 1329 supra
2783 1256 2894 1309 The
2917 1260 3002 1309 de·

658 1345 907 1410 flumen
951 1345 1370 1412 decurrentes
1414 1367 1620 1411 uncos
1665 1366 1821 1412 suos
1887 1346 1974 1410 ad
2009 1366 2183 1416 ,eum
2237 1344 2594 1429 jaciebant,
2639 1346 2755 1411 sed
2781 1341 3044 1443 232on-

656 1447 898 1514 illaesus
941 1446 1027 1511 ab
1071 1446 1164 1512 eis
1232 1446 1628 1534 praeterivit.
1723 1446 2003 1513 Securus
2068 1447 2338 1512 tandem
2403 1446 2753 1533 procedens
2779 1459 2951 1511 fouow
2967 1459 3092 1510 him.

658 1548 831 1614 vidit
891 1549 1316 1616 latitudinem
1374 1551 1596 1636 pontis
1656 1550 1729 1618 in
1799 1553 2066 1616 tantum
2110 1569 2472 1618 excrescere
2514 1555 2594 1616 ut
2637 1549 2756 1615 vix

657 1673 761 1720 ex.
786 1651 1009 1741 aliqua
1053 1657 1242 1740 parte
1284 1657 1507 1742 posset
1550 1675 1787 1742 aquam
1833 1652 2098 1720 intueri.

663 2011 822 2080 CAP.
878 2011 1195 2082 XXXIV.
1242 2013 1338 2082 De
1380 2013 1638 2101 qaudio
1673 2013 2004 2101 paradisi
2047 2011 2393 2093 terrestria
2425 2017 2485 2078 et
2530 2009 2759 2079 reditu

1576 2115 1850 2188 micitia.

751 2297 1115 2366 Pmcedens
1158 2298 1315 2365 inde
1360 2300 1567 2382 mileS‚
1606 2298 1751 2385 jam
1787 2277 1982 2366 'liber
2024 2297 2109 2363 ab
2154 2297 2338 2364 omni
2383 2297 2756 2363 daemonum
2783 2306 2896 2356 The
2913 2306 3097 2386 knight

659 2402 1027 2480 vexatione,
1074 2402 1251 2469 vidit
1295 2426 1558 2469 murum
1586 2402 1822 2484 altum,
1854 2408 1924 2469 et
1951 2403 2024 2467 in
2053 2424 2131 2467 eo
2160 2405 2422 2488 portam
2452 2400 2757 2480 clausam,
2784 2389 2903 2490 2⁰31
2916 2375 3094 2490 ζξῗξὴ

659 2506 945 2572 metallis
990 2511 1059 2572 et
1102 2506 1409 2594 pretiosis
1466 2505 1800 2592 lapidibus
1860 2506 2271 2571 adornatam.
2367 2505 2460 2568 Et
2494 2505 2639 2590 jam
2683 2525 2761 2568 eo
2786 2522 2818 2557 a
2838 2513 2968 2572 gnte.

661 2610 873 2695 spatio
919 2608 1119 2674 unius
1164 2608 1445 2674 miliaris
1505 2610 1850 2674 adessente
1908 2613 2101 2695 porta
2159 2607 2278 2672 illa
2335 2612 2568 2672 contra
2610 2627 2762 2672 eum

664 2715 893 2798 aperta
954 2715 1073 2788 est,
1144 2716 1214 2776 et
1276 2703 1436 2776 ind'e
1501 2711 1858 2777 suavitatis
1925 2711 2100 2791 odor,
2165 2715 2403 2776 cuncta
2464 2716 2764 2775 aromata

663 2816 949 2893 vincens,
1030 2814 1311 2881 exiebat.
1452 2813 1621 2882 Cum
1698 2814 1874 2881 enim
1966 2813 2181 2881 adhuc
2271 2813 2762 2900 aliquantulum
2789 2823 2872 2875 He
2895 2825 2939 2877 is
2961 2823 3040 2877 in-

663 2920 925 3006 longius
969 2910 1161 3000 esset,
1205 2940 1460 3004 egressa
1520 2923 1622 2984 est
1686 2918 1757 2983 in
1822 2939 2158 2984 occursum
2219 2918 2361 3004 ejus
2407 2941 2558 2984 cum
2617 2940 2765 2985 cru-
2788 2894 3076 3012 ffiinoetffie

664 3023 867 3102 cibus,
937 3022 1215 3099 veinIiS,
1284 3022 1485 3087 cereis
1546 3026 1613 3087 et
1658 3022 1914 3109 palmis,
1963 3021 2304 3088 hominum
2349 3022 2763 3108 uniuscujus-
2788 3028 3050 3078 enclosure

666 3147 793 3211 que
868 3125 1117 3191 ordinis
1179 3146 1255 3190 ac
1322 3124 1674 3211 religionis,
1750 3126 2029 3191 diversae
2119 3126 2338 3192 aetatis
2412 3130 2482 3192 et
2569 3147 2765 3192 sexus
2788 3094 3048 3216 3333?

668 3228 1025 3314 utriusque‚
1072 3228 1146 3295 in
1190 3250 1269 3293 ea
1330 3227 1542 3293 forma
1592 3229 1881 3294 vestium
1927 3230 2000 3292 in
2045 3249 2178 3314 qua
2221 3228 2363 3294 Deo
2406 3227 2481 3293 in
2527 3229 2765 3295 saeculo

666 3332 1053 3411 servierunt,
1114 3332 1438 3418 processio
1514 3332 1804 3419 grandis,
1869 3331 2278 3418 militemque
2338 3331 2766 3418 suscipientes

664 3444 782 3522 per
842 3438 1101 3523 portam
1162 3435 1581 3501 introierunt.
1660 3434 1829 3501 -Duo
1889 3456 2147 3521 quoque
2205 3436 2396 3523 quasi
2448 3434 2764 3522 archiepi7
2788 3438 2872 3520 H?
2893 3440 2938 3490 is
2961 3454 3042 3491 re·

666 3538 843 3625 scopi
904 3537 1186 3603 militem
1248 3538 1322 3603 in
1385 3560 1505 3605 suo
1571 3538 1891 3605 comitatu
1964 3543 2407 3627 susceperunt,
2473 3539 2763 3626 patriam
2789 3508 2962 3557 eeu-ed
2984 3510 3055 3574 by

666 3647 735 3706 et
809 3640 949 3726 ejus
1024 3641 1432 3707 amoenitatis
1504 3641 1785 3729 gloriam
1875 3643 2218 3708 ostensuri.
2354 3642 2764 3730 Tantamque
2786 3575 3086 3692 &21:33⁸

666 3743 903 3833 patriae
977 3744 1481 3831 amplitudinem
1554 3748 1754 3831 atque
1830 3747 2302 3827 amoenitatem,
2377 3746 2765 3835 spendorem
2787 3708 3040 3826 fflg‘s’ffiig

666 3847 823 3913 solis
891 3846 1241 3912 meridiani
1316 3848 1721 3928 continuum,
1799 3850 2015 3915 noctis
2087 3850 2158 3915 in
2235 3871 2313 3916 ea
2385 3851 2763 3931 carentiam,
2789 3842 3066 3960 himffhqfin

668 3949 1013 4035 utriusque
1076 3970 1272 4016 sexus
1339 3950 1752 4016 innumeram
1830 3952 2172 4017 hominum
2246 3952 2766 4033 multitudinem,
2790 3925 2910 3975 para
2962 3924 3030 3961 κ’

667 4052 877 4118 forma
918 4052 1188 4118 habitus
1233 4074 1364 4139 qua
1404 4054 1477 4118 in
1521 4053 1755 4120 saeculo
1801 4055 2179 4136 utebantur,
2211 4077 2434 4121 eorum
2463 4061 2768 4122 mutuam

670 4156 1017 4222 caritatem
1084 4155 1435 4237 admirans,
1496 4156 1625 4222 huc
1691 4156 1978 4244 illucque
2045 4158 2509 4246 pertransiens,
2554 4158 2766 4224 multo

669 4260 861 4347 plura
936 4280 1134 4345 quam
1202 4259 1339 4346 ipse
1412 4258 1522 4324 vel
1596 4260 1837 4345 aliquis
1911 4261 2252 4326 hominum
2329 4262 2766 4349 peritissimus

671 4362 897 4448 lingua
940 4360 1050 4427 vel
1094 4360 1345 4427 calamo
1404 4367 1625 4449 posset
1686 4363 2010 4450 explicare
2070 4364 2484 4431 delectabilia
2533 4366 2766 4451 jocun-

674 4465 883 4550 daque
955 4464 1305 4551 perspexit.
1443 4464 1702 4546 Quibus
1778 4466 2143 4533 visionibus
2232 4468 2323 4533 sic
2411 4468 2766 4557 completis,

674 4566 989 4633 dixerunt
1054 4568 1397 4655 pontifices
1463 4568 1551 4633 ad
1612 4567 1911 4648 militem,
1981 4576 2015 4604 “
2037 4570 2220 4649 Ecce,
2266 4570 2488 4653 frater,
2535 4571 2768 4637 vidisti

679 4676 714 4704 “
756 4668 883 4733 huc
956 4670 1282 4737 veniendo
1354 4674 1690 4737 tormfflta
1776 4676 2204 4758 peccatorum,
2280 4672 2387 4739 hic
2473 4674 2768 4759 requiem

675 4779 714 4807 “
748 4770 1094 4857 justorum.
1207 4774 1436 4839 Patria
1503 4776 1635 4840 ista
1680 4775 2028 4841 -terrestris
2093 4778 2196 4841 est
2262 4777 2616 4861 paradisus,
2685 4774 2767 4839 de

2450 4894 2501 4941 K
