3519 5734
849 829 979 896 326
1367 841 1793 896 ALExANDER
1834 839 2053 896 ABBAS
2096 840 2381 904 QUARTU
2382 843 2433 894 S.

499 1155 638 1208 ΑΒ·
670 1161 794 1209 1¹9⁷
849 1155 994 1221 XV.
1041 1155 1142 1221 De
1171 1154 1670 1222 constmwtiom
1690 1155 1709 1193 ¹
1759 1151 2049 1222 ecclesiae
2076 1161 2139 1221 et
2158 1152 2189 1192 ⁸
2232 1152 2660 1240 officimmmn
2687 1169 2963 1218 monas·

501 1229 688 1276 '¹²¹⁰‘
1025 1257 1191 1325 terii
1211 1284 1240 1340 ;
1293 1258 1376 1326 de
1414 1259 1765 1326 vacatione
1806 1264 2042 1326 nostra
2077 1279 2207 1344 per
2250 1277 2471 1344 regem
2510 1253 2906 1324 Johanmm
2924 1278 2959 1334 ;

1025 1370 1088 1428 et
1131 1362 1419 1430 cessione
1463 1361 1722 1429 abbatis
1768 1359 2177 1429 Alexandri.

499 1525 738 1576 Ere-:tion
761 1527 824 1577 οἱ·
939 1518 1146 1586 Porro
1189 1520 1368 1588 idem
1399 1522 1606 1588 abbas
1633 1519 2018 1586 Alexander
2045 1505 2468 1586 refectorium
2498 1537 2959 1584 conversorum

499 1595 803 1727 ffiffissgd
849 1621 935 1688 ab
981 1623 1224 1690 abbate
1267 1623 1523 1690 Thoma
1566 1623 1907 1710 inceptum
1950 1623 2262 1710 perfecit3
2308 1626 2378 1688 et
2410 1621 2679 1688 domum
2710 1620 2961 1707 superi-

849 1746 1048 1806 orem,
1079 1725 1329 1792 scilieet
1356 1725 1824 1793 dormitorium
1855 1725 2236 1805 eorundem,
2264 1724 2629 1792 inchoavit.
2728 1723 2959 1790 Claus-

749 1875 754 1880 -
847 1834 1031 1894 trum
1061 1851 1324 1915 quoque
1355 1829 1823 1898 monachorum
1854 1829 2191 1917 lapideum
2220 1827 2578 1906 inchoavit,
2598 1833 2669 1894 et
2690 1827 2959 1894 domum

847 1933 1278 2000 necessariam
1324 1932 1683 2004 eorundem
1727 1954 1973 2000 novam
2016 1931 2189 2000 fecit.
2266 1931 2398 1999 Sed
2428 1935 2497 1996 et
2542 1931 2675 1996 alia
2704 1929 2961 1996 officina

845 2033 1022 2100 infra
1068 2035 1408 2102 abbatiam
1452 2037 1768 2102 maximis
1814 2037 2083 2122 quidem
2128 2035 2436 2122 expensis
2480 2034 2771 2122 perfecit.
2848 2033 2956 2113 Et,

846 2160 997 2204 eum
1041 2137 1359 2205 fabricam
1407 2161 1670 2206 omnem
1715 2161 1919 2226 quam
1978 2138 2481 2226 praedecessores
2524 2137 2629 2204 sui
2672 2137 2959 2202 fecerant

497 2251 811 2322 Rebuilding
847 2241 1183 2308 eeclesiam
1252 2248 1548 2310 nostram
1617 2242 2067 2308 construendo
2132 2242 2403 2328 penitus
2471 2239 2843 2318 avulsisset,
2886 2239 2959 2304 in

497 2320 708 2442 gfluflssgh
846 2366 1026 2410 anno
1071 2344 1348 2411 Domini
1397 2344 1592 2425 1207,
1641 2345 1973 2412 dominiea
2014 2345 2087 2412 in
2132 2345 2334 2412 ramis
2378 2343 2766 2431 palmarum,
2810 2363 2959 2428 quae

845 2453 1008 2514 tune
1053 2448 1185 2514 fuit
1233 2447 1319 2518 17
1366 2448 1686 2514 kalendas
1733 2449 1917 2529 Maii,
1964 2449 2051 2514 ab
2096 2448 2241 2536 ipso
2285 2447 2531 2514 abbate
2574 2445 2959 2514 Alexandro

846 2552 1104 2638 positus
1148 2549 1279 2618 fuit
1323 2551 1576 2638 primus
1619 2551 1790 2638 lapis
1834 2553 1909 2618 in
1938 2551 2373 2618 fundamento
2404 2549 2689 2620 ecclesiae
2720 2547 2958 2628 novae,⁸

495 2648 693 2765 {ffin
735 2731 759 2766 Β
848 2659 918 2720 et
964 2655 1057 2720 sio
1075 2651 1101 2692 ⁴
1148 2655 1487 2720 ecclesiam
1551 2655 1767 2742 qualis
1818 2655 2015 2722 modo
2074 2654 2368 2722 cernitur
2426 2653 2781 2720 inchoavit.
2874 2650 2961 2718 In

496 2729 820 2860 Aequisigtissm
846 2758 1146 2844 grangiis
1189 2775 1451 2846 quoque
1494 2759 1787 2844 plurima
1845 2759 2219 2826 construxit
2262 2757 2584 2836 aedificia3
2644 2778 2722 2822 ae
2764 2755 2963 2822 libro-

493 2862 555 2912 of
569 2863 742 2915 books.
845 2883 994 2927 rum
1039 2860 1256 2927 fuerat
1299 2859 1632 2927 maximus
1675 2861 2090 2948 perquisitor.
2182 2861 2282 2927 Ea
2324 2859 2534 2949 igitur
2560 2862 2959 2948 tempestate

491 2942 776 3061 ἓξὲξ
845 2960 1188 3031 «Iohannes
1232 2986 1352 3030 rex
1403 2964 1851 3031 universalem
1896 2965 2236 3031 eeclesiam
2281 2964 2721 3053 Anglioanam
2763 2962 2957 3029 novis

493 3077 668 3155 cion-gy
689 3079 724 3128 b
845 3070 914 3131 et
957 3065 1277 3133 inauditis
1323 3067 1781 3135 exactionibus
1824 3069 2123 3157 urgebat,
2155 3074 2227 3135 et
2254 3069 2594 3135 universos
2624 3068 2955 3153 episcopos

493 3142 623 3209 ¹⁰⁰⁸
645 3142 717 3195 ‘5⁰
789 3182 803 3199 ‘
842 3174 914 3235 et
959 3170 1226 3237 clericos
1269 3170 1698 3239 beneficiatos
1743 3195 1787 3237 a
1828 3172 2115 3260 propriis
2158 3172 2425 3237 sedibus
2468 3177 2539 3237 et
2580 3168 2954 3258 praebendis

840 3274 1244 3361 proscripsit,
1293 3276 1430 3339 suis
1498 3274 1905 3341 dictionibus
1961 3275 2076 3363 jus
2136 3274 2641 3341 ecclesiasticum
2664 3270 2691 3307 ⁶
2750 3270 2953 3359 subji-

841 3376 1038 3443 ciens.
1157 3378 1250 3442 Et
1311 3377 1453 3443 haee
1515 3378 1650 3443 fuit
1717 3398 1857 3443 una
1924 3399 2123 3445 causa
2172 3376 2539 3445 ‘interdicti
2607 3374 2950 3465 generalis.

493 3483 790 3543 Resismnee
843 3478 991 3559 Quo
1036 3484 1333 3566 tempore
1379 3498 1605 3546 omnes
1651 3478 1889 3547 domus
1914 3480 2242 3568 religiosae
2273 3482 2473 3547 finem
2504 3501 2653 3545 eum
2684 3478 2950 3545 domino

490 3556 804 3681 ffissffilier.
841 3602 994 3668 rege
1039 3604 1158 3668 pro
1205 3584 1342 3647 suis
1386 3583 1909 3671 possessionibus
1952 3584 2302 3663 faciebant,
2334 3584 2475 3651 solo
2518 3583 2761 3648 abbate
2802 3602 2953 3649 nos-

840 3688 949 3751 tro
992 3684 1382 3751 Alexandro
1442 3686 1811 3753 resistente.
1906 3685 2110 3755 Unde
2170 3686 2413 3753 accidit
2457 3686 2636 3773 quod
2680 3684 2947 3773 quidam

841 3788 1164 3856 Ricardus
1211 3789 1294 3857 de
1339 3774 1640 3871 Mai-iseo,
1687 3792 1805 3877 qui
1872 3789 2209 3877 praedietae
2270 3789 2603 3855 exactioni
2646 3792 2947 3877 praeerat,

841 3898 912 3957 et
955 3892 1144 3979 cujus
1189 3893 1478 3959 consiliis
1521 3914 1644 3961 rex
1687 3891 1735 3959 J
1738 3892 2031 3959 ohannes
2076 3914 2153 3959 eo
2198 3897 2491 3980 tempore
2520 3892 2948 3970 innitebatur,

839 3998 1090 4063 dictum
1134 3997 1595 4063 Alexandrum
1663 3996 1976 4062 abbatem
2039 3996 2373 4063 infensum
2438 4002 2704 4084 propter
2759 4017 2946 4061 suam

837 4101 1281 4169 resistentiam
1340 4098 1626 4181 habuit,⁶
1670 4104 1741 4167 et
1791 4100 1875 4167 ob
1921 4099 2151 4167 odium
2194 4100 2377 4166 illius
2420 4100 2601 4165 misse
2645 4120 2897 4167 mareas
2919 4096 2944 4133 ⁷

838 4206 1102 4293 argenti
1162 4228 1205 4271 a
1269 4204 1674 4271 monasterio
1736 4207 1970 4271 nostro
2037 4202 2367 4292 exigebat.
2478 4204 2628 4291 Ipse
2688 4223 2948 4290 quoque

836 4328 955 4374 rex
1001 4310 1180 4374 dicto
1211 4307 1595 4374 Alexandro
1640 4306 1877 4373 abbati
1914 4312 2145 4373 nostro
2190 4307 2474 4373 nimium
2516 4306 2946 4387 irasoebatur,

903 4554 918 4584 ¹
953 4547 1327 4613 constructione]
1366 4548 1714 4611 aedificatione,
1736 4549 1798 4599 P.
2006 4550 2027 4579 ⁸
2059 4550 2213 4599 Aster
2244 4546 2617 4599 ecclesiasticum
2648 4547 2809 4599 insert
2838 4546 2945 4600 vio-

899 4634 924 4663 ²
955 4630 1166 4681 ecclesioe
1187 4628 1260 4694 ee]
1297 4628 1526 4693 wanting
1548 4626 1603 4678 in
1627 4627 1688 4679 P.
1942 4626 2116 4690 lenter,
2138 4626 2199 4677 P.

901 4714 922 4743 ⁸
955 4710 1118 4775 πονιτ]
1153 4714 1354 4769 nostrae,
1379 4707 1437 4757 P.
2006 4712 2026 4739 ⁸
2060 4706 2257 4772 habuit]
2296 4707 2533 4769 habebnt,
2552 4707 2615 4759 P.

903 4792 922 4821 ⁴
955 4791 1107 4841 After
1127 4790 1199 4838 sic
1221 4787 1380 4839 insert
1402 4790 1465 4839 de
1487 4794 1686 4851 eaetero,
1709 4786 1771 4838 P.
2008 4791 2026 4818 ⁷
2060 4787 2281 4853 marm]
2320 4787 2495 4849 libras,
2512 4787 2559 4837 P
