3519 5734
1237 857 1434 935 111166
1477 883 1696 936 Annas
1740 885 2063 946 QUINTUS.
2552 869 2685 941 373
2758 923 2767 937 .

591 1057 724 1126 fuit
789 1061 1139 1148 proefatum
1211 1061 1432 1128 Adam
1504 1061 1811 1128 nativum
1886 1060 2157 1127 Ricardi
2230 1059 2640 1128 Trussebuth
2658 1059 2678 1100 ¹
2706 1064 2843 1116 Α-Ὀ-
2872 1073 3001 1118 ¹210

565 1162 907 1237 ¹extitisse.
1017 1164 1229 1246 Quem
1302 1169 1528 1230 tamen
1599 1164 1740 1252 ipse
1834 1163 2154 1230 Ricardus
2262 1186 2411 1230 cum
2500 1164 2681 1230 omni
2702 1138 2939 1272 {2227-

591 1268 854 1353 sequela
919 1289 1038 1333 sua
1103 1273 1172 1334 et
1237 1267 1494 1333 catallis
1554 1266 1748 1332 nobis
1814 1266 2177 1333 relaxabat.
2270 1265 2683 1354 Quapropter
2706 1288 2828 1324 auce
2850 1277 2953 1326 ot'a

590 1367 752 1454 ipsae
795 1373 989 1436 terrae
1032 1370 1058 1410 ⁸
1076 1369 1164 1436 ad
1230 1391 1468 1434 manus
1518 1373 1782 1434 nostras
1824 1368 2099 1434 fuerunt
2142 1368 2486 1436 devolutae.
2577 1370 2681 1437 De
2704 1341 2978 1394 bondman.

589 1469 830 1554 quibus
872 1472 1067 1538 terris
1127 1475 1198 1538 et
1240 1471 1390 1537 aliis
1449 1470 1715 1536 bovatis
1776 1492 1938 1557 quas
1981 1470 2230 1536 ibidem
2276 1476 2439 1537 tunc
2482 1471 2681 1538 habe-

587 1571 838 1653 bamus,
866 1574 1168 1640 dedimus
1184 1573 1212 1611 9
1239 1573 1514 1661 praefato
1559 1572 1843 1638 Ricardo
1887 1572 2293 1639 Trussebuth
2308 1571 2337 1610 ⁸
2366 1575 2455 1638 48
2498 1595 2682 1640 acras

585 1676 782 1741 terrae
847 1675 919 1741 in
997 1675 1275 1741 diversis
1347 1676 1506 1740 locis
1578 1676 1793 1762 campi
1866 1673 2223 1754 Wartliae,⁴
2292 1675 2364 1741 in
2438 1696 2680 1740 escam-

586 1776 774 1842 bium
817 1799 938 1865 pro
981 1778 1129 1844 aliis
1174 1781 1261 1843 48
1307 1776 1472 1843 acris
1533 1782 1728 1843 terrae
1796 1777 2045 1842 ibidem
2107 1777 2295 1842 nobis
2356 1777 2682 1868 imperpe-

586 1885 779 1945 tuum
847 1880 1272 1969 possidendiS.
1363 1879 1390 1917 ⁵
1413 1881 1525 1946 Ita
1572 1879 1750 1966 quod
1813 1880 1895 1945 de
1961 1879 2157 1946 dictis
2218 1884 2259 1944 2
2304 1879 2565 1946 bovatis
2610 1886 2680 1947 et
2702 1893 2953 1948 Blanehe-

586 1987 826 2067 quarta
867 1990 1058 2071 parte
1117 1985 1316 2049 unius
1381 1982 1646 2049 bovatae
1695 1987 1911 2062 terrae,
1958 1987 2027 2048 et
2072 1983 2154 2048 de
2198 1982 2346 2048 aliis
2392 1983 2679 2071 quinque
2702 1963 2875 2014 mk·

584 2083 848 2153 bovatis
891 2091 1088 2153 terrae
1130 2107 1292 2174 quas
1337 2085 1691 2151 habuimus
1736 2085 1817 2149 de
1849 2085 2137 2172 Hugone
2181 2085 2263 2151 de
2293 2084 2679 2163 Boveltona,

584 2195 855 2274 propter
898 2189 1159 2256 diversa
1202 2189 1529 2255 escambia
1586 2193 1914 2252 terrarum
1965 2187 2259 2275 grangiae
2303 2192 2549 2254 nostrae
2596 2189 2679 2253 de

535 2303 541 2328 ¹
586 2291 1126 2358 Blaunchemarle
1171 2291 1637 2378 adjacentium,
1666 2294 1953 2376 quatuor
1994 2290 2151 2354 solae
2192 2289 2457 2355 bovatae
2483 2296 2679 2356 terrae

585 2394 899 2460 dicuntur
964 2395 1038 2458 in
1105 2394 1362 2459 tenuris
1423 2391 1800 2457 tenentium
1851 2396 2227 2457 nostrorum
2289 2393 2372 2457 de
2416 2392 2677 2457 Wartre
2784 2439 2787 2444 -

583 2518 936 2562 remanere.
1029 2495 1328 2582 Reliquae
1385 2498 1608 2558 autem
1661 2498 1859 2559 terrae
1898 2499 2145 2558 nostrae
2187 2493 2436 2559 ibidem
2481 2493 2676 2560 dictae

581 2598 873 2685 grangiae
939 2602 1184 2663 nostrae
1245 2594 1616 2682 adjacentes
1681 2594 1895 2661 eidem
1948 2593 2241 2682 grangiae
2314 2601 2680 2660 noscuntur

583 2696 960 2788 pertinere.⁵
1047 2698 1304 2766 Dehinc
1364 2696 1692 2763 Robertus
1759 2697 2045 2774 clericus,
2108 2697 2287 2762 filius
2356 2696 2677 2763 Willelmi
2698 2710 2941 2763 Dalana.

585 2800 945 2869 Monetarii
988 2801 1072 2866 de
1119 2801 1435 2881 Eboram,
1482 2797 1599 2887 qui
1657 2799 1840 2886 apud
1882 2821 2004 2864 nos
2047 2797 2263 2865 factus
2306 2803 2408 2864 est
2451 2821 2679 2864 mona-

582 2904 760 2983 chus,
805 2903 992 2970 dedit
1033 2902 1224 2969 nobis
1283 2903 1629 2968 dimidiam
1675 2905 2051 2967 carucatam
2096 2908 2290 2967 terrae
2334 2902 2408 2966 in
2452 2900 2675 2968 North

583 3006 892 3084 Daltona,
941 3026 1140 3092 quam
1201 3005 1492 3071 habebat
1535 3026 1620 3069 ex
1665 3003 2035 3069 hereditate
2078 3004 2289 3090 patris
2334 3004 2452 3070 sui.
2544 3002 2674 3070 Pro

583 3132 716 3198 qua
776 3115 954 3176 terra
1014 3108 1230 3173 dictus
1298 3106 1628 3172 Robertus
1696 3104 1953 3171 solebat
2015 3104 2290 3170 reddere
2343 3104 2675 3172 Willelmo

581 3215 662 3280 de
707 3209 1118 3299 Multborpia
1164 3214 1310 3276 octo
1363 3208 1607 3275 solidos
1649 3213 1718 3274 et
1780 3229 1899 3273 sex
1964 3208 2267 3273 denarios
2310 3210 2673 3275 annuatim.

582 3317 734 3381 Duo
794 3320 1021 3380 tamen
1072 3312 1311 3378 fratres
1372 3309 1637 3399 cognati
1699 3309 2003 3398 praedicti
2068 3308 2364 3389 Roberffi,
2434 3311 2551 3396 qui
2612 3311 2675 3377 ei

473 3442 484 3451 ·
582 3418 828 3484 multas
872 3416 1208 3483 molestias
1274 3420 1343 3480 et
1409 3412 1801 3501 gravamina
1845 3433 2015 3499 saepe
2074 3411 2391 3491 fecerunt,
2435 3414 2676 3479 calum·-

582 3519 758 3585 niati
829 3524 990 3584 sunt
1059 3518 1444 3604 praedictam
1505 3520 1752 3580 terram
1824 3535 2023 3601 super
2095 3502 2219 3579 nos
2290 3514 2363 3579 in
2438 3516 2672 3583 assisia

581 3622 872 3688 Tandem
915 3619 1185 3685 fecimus
1245 3640 1469 3705 pacem
1530 3638 1681 3682 cum
1725 3616 1841 3695 616,
1883 3616 2045 3681 data
2087 3638 2225 3681 una
2264 3616 2512 3683 bovata
2552 3619 2674 3683 uni

583 3744 810 3791 eorum
870 3720 946 3785 in
988 3720 1134 3785 vita-
1195 3720 1359 3801 sua‚⁶
1405 3720 1522 3805 (1111
1584 3716 1926 3784 dicebatur
1987 3717 2334 3795 Robertus,
2383 3720 2499 3806 (1111
2541 3720 2673 3785 fuit

581 3824 970 3912 capellanus.
1099 3820 1316 3887 Alteri
1399 3842 1576 3900 vere,
1655 3819 1773 3907 qui
1862 3820 2223 3885 vocabatur
2298 3819 2669 3887 Willelmus

580 3928 886 4005 medicuS,
934 3924 1238 3991 dedimus
1303 3922 1502 3988 aliam
1567 3923 1897 3999 bovatam,
1941 3921 2015 3986 in
2056 3920 2246 3987 feodo
2290 3927 2359 3988 et
2418 3924 2671 3989 heredi-

580 4035 722 4097 tate
767 4025 1170 4096 tenendam.⁷
1259 4024 1392 4092 Sed
1453 4024 1611 4111 ipse,
1659 4023 1819 4110 quia
1884 4044 2071 4090 cruce
2137 4024 2440 4109 signatus
2507 4030 2669 4103 erat,
2695 4036 2750 4088 A
2772 4054 2945 4091 cruna-

577 4132 860 4220 acceptis
905 4134 990 4195 12
1035 4127 1289 4209 marcis,
1335 4126 1629 4193 reddidit
1673 4125 1866 4193 nobis
1908 4125 2293 4213 praedictam
2336 4126 2666 4195 bovatam.
2694 4107 2801 4157 ‘¹²¹²

647 4402 661 4431 ¹
707 4398 1030 4466 Trussebuth]
1068 4396 1342 4457 Trusbutb,
1364 4397 1425 4447 P.
1736 4396 1756 4425 ⁴
1787 4394 1950 4459 campi
1976 4390 2239 4459 Wartrioe]
2265 4393 2329 4443 dc
2342 4392 2563 4456 Wartre,
2585 4395 2670 4446 de-

1664 4475 1915 4536 deramus,
1936 4472 2000 4523 P.

619 4594 632 4607 .
665 4517 686 4546 ²
718 4514 788 4565 “d
805 4532 978 4609 mansu
996 4551 1012 4567 “
1037 4552 1052 4566 “
1073 4551 1088 4565 ’
1115 4513 1354 4580 ἆσαι-πω]
1389 4513 1447 4565 in
1483 4528 1589 4563 ma·
1731 4556 1752 4584 ⁵
1784 4552 1872 4603 Ita
1888 4550 2016 4617 quod
2038 4588 2053 4605 .
2074 4588 2089 4603 .
2112 4586 2127 4603 .
2142 4552 2415 4619 pertinere]
2442 4553 2673 4619 wanting

579 4595 726 4645 mbus
770 4602 948 4646 nostris
991 4608 1248 4647 remanere
1291 4600 1566 4659 sperantur.
1664 4634 1720 4683 in
1740 4633 1788 4684 P

587 4674 738 4725 uude
757 4690 866 4736 ¹²⁰⁸’
885 4674 950 4725 P·
1732 4714 1754 4743 ⁰
1785 4669 1941 4761 ‘After
1960 4727 2055 4761 sua
2075 4710 2234 4762 insert
2252 4708 2331 4761 illi
2351 4710 2561 4775 scilicet,
2582 4711 2644 4764 P.

615 4795 620 4816 ¹
645 4793 665 4823 ³
707 4789 1032 4857 Trwebuth]
1069 4791 1296 4858 wanting
1317 4790 1374 4841 in
1393 4790 1456 4842 P.
1731 4794 1750 4823 ⁷
1784 4790 2057 4857 tenendam]
2093 4791 2315 4858 wanting
2336 4790 2393 4841 in
2408 4790 2471 4843 P.
