3519 5734
876 830 1009 895 414
1420 840 1774 897 memus
1817 838 2037 891 mm
2079 840 2426 893 snmus.

540 1019 681 1073 Λᾶ).
708 1026 831 1078 1221
875 1016 1001 1083 sub
1043 1037 1243 1103 poena
1284 1016 1581 1085 dimidiae
1624 1038 1864 1085 marcae
1905 1015 2084 1103 parti
2113 1017 2288 1084 laesae
2331 1010 2796 1103 persolvendas.
2885 1009 2972 1075 In

540 1094 721 1141 '¹²⁸⁵'
874 1140 1008 1205 qua
1048 1120 1315 1206 quidem
1358 1120 1537 1207 pacis
1593 1119 2062 1207 compositione
2123 1118 2358 1205 sopitae
2417 1117 2690 1183 fuerunt
2747 1134 2972 1180 omnes

876 1222 1159 1307 querelae
1218 1228 1383 1289 tunc
1448 1222 1993 1309 qualitercunque
2061 1226 2279 1302 motae,
2345 1224 2490 1285 tam
2555 1218 2638 1285 de
2723 1216 2970 1281 fossato

874 1322 1051 1391 facto
1095 1346 1213 1411 pro
1256 1324 1491 1391 divisa.
1524 1324 1704 1391 inter
1749 1324 2096 1391 mariscum
2146 1324 2230 1389 de
2273 1320 2586 1409 Waghna
2627 1324 2699 1387 et
2742 1318 2972 1385 maris-

877 1448 1027 1491 cum
1072 1427 1155 1492 de
1199 1425 1738 1507 Braunoeholmo,
1799 1448 2002 1514 quam
2047 1427 2132 1492 de
2173 1424 2322 1491 aliis
2381 1424 2582 1490 rebus
2624 1421 2971 1490 universis.

543 1534 753 1585 Pastum
773 1535 833 1585 of
880 1527 1027 1595 Hoc
1054 1529 1199 1615 ipso
1244 1528 1512 1617 quidem
1540 1551 1715 1595 anno
1740 1527 1762 1565 ¹
1809 1530 1991 1595 facta
2019 1535 2122 1595 est
2148 1526 2640 1595 admensuratio
2683 1530 2974 1611 pasturae

542 1600 798 1668 Waghen.
880 1631 963 1697 de
1037 1630 1359 1719 Waghna,
1434 1632 1535 1699 ita
1606 1631 1787 1719 quod
1858 1632 2108 1698 ibidem
2167 1630 2500 1699 communi
2573 1627 2844 1695 consilio
2903 1632 2976 1693 et

878 1754 1149 1799 assensu
1204 1735 1499 1822 partium
1566 1734 1908 1823 assignata
1965 1735 2236 1801 filerunt
2297 1731 2656 1819 unicuique
2711 1729 2975 1795 bovatae

876 1843 1073 1905 terrae
1114 1860 1225 1903 xv.
1282 1838 1518 1925 capita,
1586 1838 1898 1909 videlicet
1947 1843 2088 1904 tam
2149 1838 2351 1905 boum
2393 1858 2594 1923 quam
2635 1854 2974 1920 equorum,

876 1960 987 2005 xx.
1034 1960 1193 2007 oves
1235 1943 1309 2005 et
1350 1938 1482 2005 duo
1525 1941 1721 2027 porci,
1753 1940 1862 2006 vel
1889 1939 2033 2005 loco
2061 1961 2290 2005 eorum
2321 1941 2469 2005 octo
2500 1956 2698 2016 oves3
2741 1940 2812 2001 et
2857 1933 2974 2019 qui

877 2041 1119 2108 bovem
1190 2043 1298 2109 vel
1356 2064 1601 2128 equum
1660 2064 1801 2112 non
1867 2042 2146 2109 haberet
2202 2042 2346 2109 loco
2405 2039 2600 2107 bovis
2659 2037 2769 2104 vel
2817 2038 2972 2123 equi

876 2142 1155 2211 haberet
1196 2148 1343 2211 octo
1386 2166 1559 2213 oves.

876 2438 1011 2507 ΙΙΙ.
1062 2441 1166 2509 De
1194 2440 1397 2509 terris
1424 2447 1485 2511 et
1529 2440 1926 2509 temmntic
1955 2440 2042 2507 in
2069 2438 2385 2517 Suttona,
2419 2433 2971 2525 Benynqhoznw?

1054 2546 1502 2625 Estmertcma,
1532 2543 1609 2611 N
1604 2542 1910 2623 ιε’ωιινηα,3
1954 2542 2410 2629 orme-stom,
2455 2548 2519 2609 ct
2551 2540 2884 2627 Owtwyk.⁴

546 2722 773 2777 Suttona.
967 2713 1292 2781 Dominus
1374 2714 1612 2784 Petrus
1687 2716 1770 2780 de
1841 2714 2290 2803 Falconberge
2357 2712 2547 2779 dedit
2613 2714 2823 2792 nobie,
2889 2714 2974 2778 ad

546 2808 699 2927 ἔξω
718 2817 773 2929 ἓξ
877 2813 1361 2910 eleemosynam
1421 2822 1633 2906 portae
1696 2816 2225 2896 sustentandam,
2299 2820 2370 2884 et
2443 2815 2815 2904 specialiter
2887 2815 2972 2882 ad

653 2893 721 2942 ει
770 2916 783 2928 ’
879 2920 1199 2985 vestitum
1268 2919 1465 2985 unius
1538 2920 1844 3007 pauperis
1917 2920 2280 2999 annuatim,
2345 2923 2565 2984 totam
2637 2924 2972 3006 pasturam

879 3020 955 3086 in
1012 3021 1241 3088 salinis
1257 3020 1285 3058 ⁶
1329 3023 1412 3089 de
1478 3023 1785 3104 suttona,
1833 3029 2086 3112 quanta
2151 3023 2239 3088 ad
2284 3043 2488 3087 unam
2530 3022 2847 3088 bovatam
2907 3027 2975 3087 et

882 3123 1228 3191 dimidiam
1274 3129 1469 3192 terrae
1528 3127 1825 3193 noscitur
1875 3126 2222 3217 pertinere,
2265 3125 2599 3191 reddendo
2641 3125 2794 3191 inde
2839 3126 2974 3191 cui-

880 3228 1036 3293 dam
1108 3227 1443 3298 Willelmo
1530 3229 1671 3295 filio
1745 3230 2042 3295 Amandi
2119 3232 2159 3294 2
2236 3229 2538 3296 denarios
2613 3229 2969 3294 annuatim.

882 3330 1017 3412 Qui
1104 3331 1423 3412 redditus,
1498 3338 1792 3420 tempore
1883 3332 2125 3421 Rogeri
2213 3331 2481 3397 abbatis
2569 3335 2670 3410 13,
2749 3337 2974 3419 postea

878 3433 1097 3500 fuerat
1154 3419 1507 3502 relaxatus.
1600 3435 1702 3502 De
1745 3437 1886 3524 ipso
1953 3439 2178 3503 autem
2242 3435 2496 3500 vestitu
2563 3435 2763 3500 unius
2813 3458 2974 3522 pau-

882 3535 1059 3623 peris
1123 3541 1420 3622 tempore
1488 3535 1801 3626 Hugonis
1865 3537 2125 3603 abbatis
2193 3539 2276 3604 15
2344 3541 2573 3624 postea
2645 3537 2974 3603 referetur.

550 3650 773 3732 Varioup
885 3637 978 3702 Et
1040 3637 1088 3703 J
1090 3637 1383 3703 ohannes
1449 3639 1628 3705 filius
1696 3639 1988 3728 Reyneri
2058 3639 2139 3705 de
2205 3639 2517 3719 Suttona,
2583 3640 2973 3726 capellanuS,

593 3726 797 3836 utta-¹¹²
884 3762 1094 3806 unum
1156 3741 1494 3807 sellionem
1553 3747 1748 3810 terrae
1814 3743 1889 3808 in
1952 3741 2433 3829 Magnusdayle
2508 3741 2684 3829 apud
2759 3744 2980 3808 Sutto-

551 3863 588 3916 f.
604 3868 667 3914 48
683 3863 729 3915 b.
886 3865 1061 3922 nam,
1103 3843 1577 3932 Amandusque
1642 3845 1824 3912 filius
1869 3844 2071 3910 Alani
2118 3845 2198 3911 de
2245 3843 2538 3911 Suttona
2598 3868 2718 3912 sex
2779 3847 2980 3934 perti-

886 3952 1066 4013 catas
1096 3952 1166 4012 et
1210 3947 1555 4014 dimidiam
1600 3953 1795 4016 terrae
1837 3949 1912 4015 in
1941 3948 2299 4014 latitudine
2343 3949 2418 4014 in
2459 3949 2522 4014 le
2553 3947 2776 4034 Gayre
2805 3949 2978 4036 apud

887 4052 1265 4132 Suttomm,
1322 4058 1393 4118 et
1457 4051 1791 4122 Hem-icus
1845 4053 1928 4119 de
1987 4052 2196 4119 Hullo
2243 4057 2460 4118 totam
2527 4057 2773 4118 terram
2827 4076 2974 4140 quae

885 4156 1249 4221 vocabatur
1269 4155 1297 4192 ⁶
1341 4154 1707 4237 BludetreS‚
1775 4160 1845 4222 et
1911 4178 2208 4221 annuum
2269 4156 2602 4222 redditum
2670 4159 2714 4222 4
2776 4157 2973 4222 dena-

885 4258 1135 4324 riorum
1188 4258 1268 4324 de
1319 4261 1699 4326 tenemento
1744 4259 2035 4326 Simonis
2088 4258 2278 4326 Wolf·
2308 4261 2383 4325 in
2428 4259 2734 4342 Suttona‚
2785 4259 2976 4326 nobis

956 4539 971 4569 ¹
1006 4535 1159 4586 Aster
1178 4549 1308 4584 anno
1326 4532 1499 4592 insert,
1529 4532 1595 4582 ad
1627 4529 1889 4595 requisiti·
2043 4531 2063 4562 ⁴
2095 4537 2144 4580 et
2167 4529 2412 4597 Owtwyle]
2453 4532 2677 4599 wanting
2700 4531 2752 4584 in
2772 4533 2836 4585 P.

888 4631 1035 4670 onem
1058 4622 1299 4674 nostram,
1324 4611 1387 4664 P.
1805 4628 1810 4637 ·
2047 4610 2067 4640 ⁶
2098 4607 2299 4676 salinis]
2335 4610 2480 4672 saltz,
2503 4611 2565 4663 P.

954 4699 976 4728 ²
1008 4690 1390 4760 Benynqholmo]
1428 4689 1660 4755 wanting
1679 4689 1737 4740 in
1761 4690 1822 4742 P.
2045 4692 2067 4722 ⁸
2097 4689 2389 4758 vocabatur]
2424 4699 2650 4756 vocatur,
2671 4692 2732 4746 P.

957 4777 979 4807 ⁸
1010 4773 1163 4826 Ana·
1182 4771 1427 4824 Newtom
1446 4769 1605 4822 insert
1624 4777 1693 4834 et,
1714 4770 1780 4822 P.
