3519 5734
1215 848 1581 899 PHILIPPUS
1608 826 1843 899 'Anus
1886 848 2263 900 SECUNDUS.
2654 834 2781 896 185

695 1024 1086 1111 praepositus
1151 1022 1654 1100 Beverlacensis,
1721 1026 1884 1089 tunc
1956 1024 2129 1110 regis
2210 1020 2650 1097 cancellariuS,
2718 1024 2785 1086 et
2810 1024 2945 1077 ΑΔ).
2962 1031 2983 1074 1
2996 1030 3085 1077 161

697 1127 909 1191 omnis
954 1126 1162 1191 clerus
1220 1148 1370 1192 cum
1414 1126 1793 1214 proceribus
1834 1125 2116 1212 Angliae,
2158 1124 2549 1191 fidelitatem
2602 1124 2786 1211 jura·
2808 1098 2871 1143 ”¹
2886 1096 2991 1147 ¹⁷⁰·

695 1233 956 1306 verunt,
1003 1228 1190 1295 salva
1231 1230 1360 1295 fide
1405 1229 1596 1315 regis.
1701 1229 1902 1294 Anno
1948 1228 2215 1314 quidem
2262 1233 2593 1313 sequente,
2636 1236 2785 1293 Mal-

369 1319 437 1397 R:
455 1320 519 1368 ‘¹0
697 1330 922 1386 colmus
971 1348 1076 1387 rex
1128 1331 1356 1397 Scotiae,
1411 1332 1602 1388 Resus
1657 1331 2005 1387 australium
2057 1330 2445 1385 Wallensium
2494 1331 2785 1402 princeps,
2812 1320 3043 1384 Homssge
3240 1394 3247 1405 ι

367 1386 608 1504 alfe-7:323·
697 1421 1013 1480 Audoenus
1073 1424 1496 1497 aquilonalium
1557 1416 1987 1481 wallensium
2045 1415 2347 1503 princeps
2414 1428 2475 1480 et
2534 1424 2789 1497 quinque
2813 1388 2945 1519 ἓξὲξ
2957 1389 3028 1503 ἓξ
3040 1386 3126 1437 ‘¹²⁰
3226 1436 3237 1462 ἱ

699 1524 949 1597 majores
1026 1526 1100 1581 de
1160 1526 1452 1592 Gambria,
1516 1529 1783 1583 fecerunt
1854 1526 2128 1599 homagia
2184 1526 2319 1599 regi
2377 1517 2667 1584 Henrico
2732 1527 2792 1579 et
2817 1520 3059 1601 Sootlsspd

699 1618 1005 1686 Similiter
1068 1630 1328 1686 Henrico
1381 1631 1502 1686 fflio
1550 1648 1658 1686 suo
1721 1620 2163 1707 primogenito
2233 1628 2389 1703 apud
2450 1627 2785 1684 Wodestok.
2816 1588 3127 1705 ffwssgzes

701 1720 720 1757 ¹
746 1721 892 1802 Quo
935 1744 1128 1801 ann0,
1175 1723 1550 1789 Theobaldo
1595 1722 2063 1789 Cantuariensi
2090 1722 2572 1809 archiepiscopo
2616 1743 2789 1785 mor·
2816 1736 2851 1784 f.
2878 1740 2956 1784 22.

700 1828 835 1902 tu0,
883 1826 1196 1912 praefatus
1239 1827 1522 1892 Thomas
1565 1826 2059 1891 archidiaconus
2102 1847 2278 1905 suus,
2326 1824 2498 1911 regis
2543 1822 2791 1889 cancel·
2815 1813 2936 1931 ‚¹3:³0
2952 1815 3014 1863 ⁰f

699 1927 919 2009 lar-im,
983 1929 1059 1995 in
1126 1929 1667 1996 cantuariensem
1735 1928 2291 2015 archiepiscopum
2359 1932 2461 1993 est
2534 1926 2790 1992 electus,
2816 1895 3039 1997 Βεὲιῗεῗ

700 2030 994 2096 Vacante
1024 2031 1290 2117 quidem
1319 2037 1482 2097 tunc
1509 2032 1660 2099 sede
1694 2030 2158 2097 Cantuariensi
2186 2034 2335 2095 tota
2362 2030 2599 2095 civitas
2624 2028 2793 2094 Oan-

698 2134 1054 2200 tuariensis
1083 2156 1272 2222 paene
1317 2134 1655 2200 combusta
1698 2132 1915 2199 fuerat
1960 2139 2029 2198 et
2074 2132 2422 2199 destructa.
2510 2131 2793 2196 Thomas

698 2242 923 2303 autem
964 2236 1104 2324 ipse
1133 2260 1218 2303 ex
1263 2236 1624 2303 Londoniis
1653 2236 1989 2311 oriundus,
2016 2236 2136 2301 ubi
2180 2256 2359 2300 nunc
2388 2239 2489 2300 est
2534 2256 2791 2299 monas-

698 2342 941 2406 terium
1016 2340 1244 2405 Sancti
1318 2339 1586 2405 Thomae
1663 2339 1743 2404 de
1809 2339 2131 2416 ArcubuS,
2208 2340 2279 2402 in
2354 2338 2795 2403 adolescentia

698 2435 937 2510 saeculo
983 2449 1052 2509 et
1095 2442 1450 2509 curialibus
1492 2442 1799 2507 intentus
1857 2441 2003 2507 fuit.
2096 2440 2244 2521 Qui,
2290 2440 2453 2505 dum
2497 2441 2571 2504 in
2616 2440 2796 2504 curia

699 2547 874 2633 regis
918 2547 1304 2611 consisteret
1347 2549 1418 2611 et
1470 2545 1771 2631 quaedam
1816 2542 2065 2608 ibidem
2133 2543 2279 2607 fieri
2323 2542 2653 2608 contraria
2696 2564 2795 2605 re·-

702 2649 935 2737 ligioni
977 2649 1252 2729 videret,
1299 2648 1550 2713 curiam
1609 2648 1821 2735 ipsam
1868 2646 2157 2712 deseruit
2223 2650 2295 2711 et
2335 2648 2353 2675 ³
2379 2644 2791 2710 Theobaldo'

704 2752 1167 2818 cantuariensi
1233 2752 1712 2838 archiepiscopo
1757 2772 1826 2815 se
1872 2749 2211 2815 commisit,
2302 2748 2366 2813 A
2434 2770 2582 2835 quo,
2646 2770 2794 2813 cum

3183 1816 3195 1849 ἱ

707 2852 1004 2942 Rogems
1065 2854 1558 2921 archidiaconus
1607 2850 2101 2920 Cantuariensis
2147 2851 2393 2918 Sancto
2438 2848 2796 2918 Williejlmo

703 2956 777 3020 in
805 2957 1114 3023 cathedra
1141 2956 1671 3045 archiepiscopali
1703 2956 2102 3021 Eboracensi
2122 2955 2521 3042 jampridem
2564 2955 2796 3036 fuisset

703 3062 1119 3140 substitutus,
1193 3047 1692 3126 archidiaconus
1767 3057 2265 3124 Cantuariensis
2354 3058 2493 3124 loco
2588 3058 2797 3144 ipsius

705 3163 950 3251 Rogeri
991 3168 1096 3229 est
1151 3163 1438 3230 effectus,
1528 3162 1638 3228 Ad
1703 3161 1889 3248 cujus
1934 3159 2399 3246 archiepiscopi
2446 3159 2795 3226 Cantuari-
2820 3149 3062 3268 ἕέἓιθξέ·

703 3267 878 3333 ensis
925 3289 1148 3354 preces
1208 3267 1382 3353 regis
1445 3265 1895 3330 cancellariam
1958 3262 2258 3349 suscepit,
2304 3267 2383 3327 ut
2444 3263 2797 3349 prudentia
2820 3285 3121 3336 chanceumz

703 3394 834 3458 qua
877 3375 1022 3436 erat
1088 3369 1410 3458 praeditus
1467 3367 1908 3454 malignorum
1973 3367 2044 3430 in
2108 3366 2441 3432 ecclesiam
2507 3366 2796 3430 insultus

701 3473 1092 3560 prohiberet.
1183 3472 1268 3536 In
1335 3493 1468 3558 qua
1509 3469 1897 3558 cancellaria
1946 3468 2157 3534 tantis
2201 3467 2551 3554 superfluis
2594 3490 2795 3554 appa-

702 3583 858 3642 ratu
899 3581 971 3641 et
1012 3574 1304 3641 moribus
1343 3573 1690 3640 fruebatur
1746 3578 1826 3637 ut
1870 3594 2099 3658 parum
2144 3570 2587 3636 archidiaconi
2613 3570 2797 3635 vide-

703 3683 888 3744 retur
949 3677 1279 3743 reminisci
1343 3680 1411 3742 et
1477 3675 1815 3740 maleficiis
1876 3673 1983 3740 uti
2047 3678 2412 3760 putaretur.
2508 3673 2793 3738 Strenue

706 3787 932 3846 tamen
960 3780 1112 3870 'egit
1172 3780 1244 3843 in
1289 3777 1641 3843 civitatum
1685 3775 2274 3843 transmarinarum
2340 3775 2794 3862 acquisitione,

706 3904 985 3969 quarum
1029 3882 1284 3966 aliquas
1346 3903 1463 3968 per
1524 3880 2085 3967 oppugnationem
2138 3878 2401 3944 domiuo
2466 3900 2585 3943 suo
2654 3878 2793 3965 regi

705 3991 804 4051 est
847 3985 1140 4072 adeptus.
1232 3983 1323 4048 Et
1383 3987 1650 4070 propter
1707 3982 2057 4069 magnifica
2101 3981 2242 4068 ejus
2287 4002 2484 4067 opera
2526 3981 2601 4045 in
2644 4003 2792 4046 can-

702 4086 964 4154 cellaria
1008 4107 1128 4150 rex
1157 4107 1308 4150 eum
1353 4084 1516 4150 adeo
1561 4084 1879 4172 diligebat
1922 4087 2019 4162 ut,
2058 4088 2211 4170 post
2255 4083 2587 4148 decessum
2634 4083 2790 4148 dicti

703 4189 1065 4256 Theobaldi
1109 4188 1212 4252 sui
1255 4187 1740 4275 archiepiscopi,
1787 4209 1937 4252 eum
1984 4187 2059 4250 in
2102 4184 2543 4250 cathedralem
2590 4185 2795 4251 hono-

703 4317 841 4361 rem
903 4290 1357 4380 procuraverit
1423 4289 1778 4356 sublimari.
1870 4289 2019 4370 Qui,
2066 4289 2369 4375 quamvis
2432 4287 2793 4374 plurimum
2816 4271 3029 4390 Ξξζζξξ
3048 4273 3111 4390 ἓξ.

772 4601 786 4630 ¹
823 4599 1016 4650 Burton
1051 4601 1366 4646 enumeratos
1404 4593 1486 4645 his
1521 4594 1696 4645 sutho-
1797 4601 1853 4646 to
1867 4593 1998 4644 have
2013 4594 2249 4645 followed
2268 4594 2492 4644 William
2515 4595 2576 4645 of
2589 4593 2797 4646 Canter-

703 4679 844 4730 rities
887 4677 965 4727 for
1009 4675 1094 4726 the
1139 4673 1356 4739 ensuing
1400 4675 1598 4739 history
1643 4673 1705 4723 of
1800 4675 1929 4738 bury
1942 4675 2041 4724 and
2056 4674 2141 4723 the
2160 4674 2513 4741 Qusdrilogus,
2530 4691 2585 4724 as
2600 4675 2797 4738 printed

703 4759 922 4809 Thomas
931 4755 1124 4806 Becket
1137 4761 1191 4804 at
1205 4753 1291 4805 the
1308 4754 1408 4803 end
1419 4753 1568 4805 ofthe
1583 4767 1698 4802 nar·
1799 4757 1869 4820 by
1891 4755 2078 4818 Lupus.
2147 4753 2296 4804 Some
2318 4755 2380 4806 of
2403 4754 2489 4805 the
2510 4769 2744 4820 passages
2767 4757 2795 4806 Ι

699 4841 862 4892 rative
878 4841 952 4903 (p.
968 4835 1102 4898 197).
1133 4833 1216 4884 He
1225 4847 1382 4886 seems
1399 4833 1699 4904 principnlly
1799 4833 1931 4884 have
1954 4841 2043 4884 not
2063 4834 2339 4886 succeeded
2356 4833 2421 4906 in,
2433 4833 2754 4900 identifying.
