3519 5734
1173 844 1454 895 ‘mons
1497 843 1716 895 Anus
1759 844 2067 893 TERTIUS.
2538 826 2665 889 251

572 1018 704 1091 ejus
757 1016 832 1073 de
881 1020 1052 1073 nocte
1104 1016 1432 1089 projectum
1483 1017 1574 1069 est
1623 1019 1789 1071 extra
1828 1014 2055 1079 urbem,
2095 1015 2355 1071 occisore
2390 1014 2671 1087 fugiente.
2698 1018 2834 1070 ΑΒ.
2863 1024 3005 1069 1-190.

574 1102 714 1157 Mox
749 1100 1172 1156 somniantibus
1191 1100 1210 1132 ¹
1245 1098 1461 1155 vetulis
1487 1104 1662 1170 atque
1685 1100 2102 1171 apparentibus
2126 1100 2345 1154 ibidem
2367 1098 2675 1153 fallacibus

578 1186 884 1258 signorum
917 1184 1260 1257 praestigiis,
1299 1184 1392 1238 illi
1426 1182 1704 1254 martvris
1741 1184 2020 1238 meritum
2068 1184 2365 1255 simplices
2410 1182 2675 1238 homines

577 1269 991 1332 attribuerunt,
1033 1266 1374 1338 sepulcrum
1409 1265 1670 1320 defuncti
1707 1266 2045 1320 solennibus
2084 1267 2344 1321 excubiis
2381 1272 2442 1320 et
2474 1282 2677 1319 mune-

577 1351 744 1406 ribus
795 1354 1125 1405 onerantes.
1216 1348 1542 1404 Ridebatur
1587 1348 1700 1403 hoc
1752 1365 1790 1402 a
1836 1349 2241 1420 prudentibus.
2318 1350 2437 1404 Sed
2484 1356 2681 1403 tamen

581 1440 819 1506 gratum
853 1434 970 1489 fuit
1003 1435 1114 1489 hoc
1150 1432 1384 1489 clericis
1439 1432 1576 1487 inde
1593 1434 1615 1463 ²
1649 1431 2055 1489 victitantibus
2110 1435 2303 1504 gratia
2354 1433 2683 1488 commodo-

583 1536 737 1573 rum.
813 1517 931 1573 Res
986 1517 1249 1572 defertur
1283 1516 1360 1571 ad
1395 1516 1772 1588 episcopum3
1820 1512 1923 1585 qui
1970 1517 2171 1572 statim
2210 1558 2223 1571 .
2267 1558 2281 1571 .
2324 1558 2339 1571 .
2380 1516 2578 1573 studia
2623 1520 2685 1570 et

583 1610 931 1691 cupidorum
965 1608 1101 1663 falsi
1137 1608 1417 1679 martyris
1451 1607 1709 1677 insignia
1731 1607 2080 1678 profanavit.
2153 1597 2181 1635 ³
2198 1600 2391 1677 Nam,
2435 1600 2685 1665 auditis
2711 1592 2943 1669 Sieg⁴³9f

585 1702 718 1767 hiis
784 1700 1074 1767 <sedibus
1136 1715 1196 1765 a
1256 1709 1462 1780 eponae
1525 1720 1674 1784 quae
1741 1699 1939 1764 dictis
2014 1700 2173 1766 locis
2234 1708 2304 1767 et
2376 1702 2540 1767 alibi
2611 1702 2683 1765 in
2710 1660 2851 1777 {2313
2868 1672 2922 1705 ¹¹¹

585 1803 637 1869 J
639 1804 864 1869 udaeos
907 1802 1172 1867 fuerant
1221 1804 1620 1887 perpetrata,
1667 1822 1819 1865 cum
1878 1802 2055 1886 apud
2118 1802 2486 1869 Eboracum
2529 1824 2683 1869 cccc.
2710 1795 2881 1843 castle.

590 1910 660 1970 et
703 1926 780 1970 eo
825 1905 1110 1990 amplius
1154 1900 1380 1968 Judaei
1441 1902 1512 1965 in
1571 1902 1943 1968 munitione
1986 1904 2167 1990 regia
2208 1905 2447 1971 inclusi
2491 1904 2687 1970 habe-

589 2011 836 2085 rentur,
884 2005 969 2070 ob
1015 2004 1533 2091 persecutionem
1575 2005 1592 2033 “
1615 2026 1843 2069 eorum
1861 2005 1876 2035 ’
1922 2006 2039 2091 qui
2084 2011 2244 2071 tunc
2287 2007 2373 2072 ad
2418 2008 2690 2073 comita-

590 2113 701 2173 tus
775 2114 1220 2172 convenerant
1294 2104 1769 2185 declinandam,
1846 2107 2278 2173 nihilominus
2352 2114 2577 2174 tamen
2648 2132 2690 2173 a

592 2209 974 2274 vicecomite
1006 2207 1421 2285 Eboracensi,
1457 2206 1763 2292 Philippo
1809 2208 1889 2272 de
1922 2208 2378 2296 Falconberge,
2409 2211 2689 2276 Ricardo

596 2310 950 2397 Malebyse,
999 2309 1364 2373 Willielmo
1429 2307 1650 2394 Percy,
1723 2308 2145 2376 Marmeduco
2212 2312 2496 2392 Darello‚
2543 2335 2691 2378 cum

591 2412 740 2476 aliis
785 2410 1112 2479 militibus
1157 2415 1226 2474 et
1269 2409 1472 2495 vulgo
1517 2431 1594 2474 ac
1636 2412 1971 2495 praedictae
2016 2414 2201 2478 urbis
2258 2415 2531 2493 civibus,
2577 2416 2691 2480 ob-

593 2514 754 2578 sessi
799 2519 960 2579 sunt
1001 2518 1072 2577 et
1115 2512 1330 2576 acrius
1373 2512 1761 2597 impugnati.
1879 2512 2177 2600 Cumque
2233 2517 2523 2581 assultus
2581 2538 2695 2582 ex·
2720 2511 2879 2627 {heir
2911 2514 3025 2562 ⁵0¹ss

595 2616 1038 2701 pugnantium
1083 2613 1336 2678 diutius
1380 2613 1550 2677 ferre
1615 2634 1752 2677 non
1796 2614 2110 2693 valerent,
2156 2621 2225 2682 et
2281 2618 2424 2702 jam
2482 2617 2695 2683 omnis
2718 2586 2943 2697 fiffiffuc'

595 2738 743 2803 spes
789 2714 1111 2781 evadendi
1156 2715 1418 2779 sublata
1446 2714 1694 2791 fuisset,
1725 2716 2161 2783 miserabilem
2206 2724 2488 2785 mortem
2532 2721 2695 2785 dirae

599 2818 831 2884 mortis
877 2823 1062 2884 metu
1105 2816 1482 2882 voluntarie
1543 2817 1812 2884 sibimet
1876 2821 2327 2902 accersierunt,
2376 2824 2695 2910 eligentes

600 2919 826 3007 potius
892 2926 1129 2985 mutua
1181 2919 1354 2985 caede
1401 2919 1694 3005 deperire
1739 2942 1939 3005 quam
1986 2922 2512 2990 Christianorum
2556 2947 2699 3012 per-

599 3021 1016 3107 sequentium
1079 3019 1263 3086 rabie
1330 3021 1767 3086 truculentius
1825 3023 2133 3110 jugulari.
2246 3027 2411 3091 Erat
2476 3034 2703 3093 autem

601 3125 876 3210 quidam
919 3125 1100 3189 inter
1143 3145 1268 3201 eos,
1315 3123 1526 3208 major
1567 3129 1734 3188 natu
1796 3129 1867 3190 et
1926 3126 2000 3190 in
2059 3127 2202 3214 lege
2265 3128 2555 3194 Mosaica
2597 3130 2701 3194 in-

603 3228 938 3306 structior,
986 3226 1094 3291 eui
1140 3225 1389 3311 singuli
1445 3247 1674 3290 eorum
1735 3228 2217 3310 auscultabant,
2266 3233 2381 3316 qui
2440 3232 2701 3297 eosdem

603 3330 690 3394 ad
763 3333 905 3393 tam
977 3327 1291 3393 horribile
1370 3347 1578 3412 genus
1661 3329 1897 3394 mortis
1986 3331 2559 3399 exhortationibus
2632 3339 2703 3400 et

605 3430 924 3518 exemplis
967 3435 1234 3515 patrum
1263 3429 1339 3493 in
1375 3430 1586 3494 veteri
1629 3429 1773 3515 lege
1818 3433 2327 3518 praecedentium
2358 3437 2702 3501 animarat.

607 3531 906 3617 Cumque
937 3553 1162 3596 omnes
1207 3531 1348 3616 ejus
1391 3529 1694 3596 hortatui
1725 3531 2268 3620 obtemperarent,
2300 3537 2411 3603 ille
2444 3544 2705 3625 arrepto

604 3634 820 3700 cultro
881 3634 1123 3699 incidit
1184 3633 1478 3698 vaenulas
1541 3635 1838 3720 gutturis
1900 3637 2327 3724 singulorum,
2403 3640 2709 3727 projectis

608 3737 792 3822 prius
835 3735 1130 3821 pecuniis
1174 3735 1247 3799 in
1291 3735 1668 3800 coenulenta
1709 3757 1885 3820 aqua
1929 3759 2077 3821 quae
2119 3742 2355 3806 subtus
2392 3743 2709 3809 discurre-

607 3838 772 3917 bat;
847 3842 922 3902 at
983 3835 1254 3900 tandem
1297 3857 1576 3902 uxorem
1637 3859 1824 3902 suam
1900 3845 1969 3903 et
2031 3844 2451 3929 semetipsum
2509 3847 2709 3910 simili

609 3944 822 4006 morte
858 3937 1221 4025 jugulans;
1285 3945 1692 4024 exponentes
1737 3941 2003 4025 quidem
2048 3965 2317 4029 corpora
2360 3947 2709 4012 inhumata

609 4041 882 4108 canibus
944 4044 1013 4104 et
1075 4039 1312 4104 avibus
1359 4039 1791 4118 dilaceranda,
1838 4043 2091 4109 animas
2154 4069 2309 4113 vero
2363 4049 2707 4114 Gehenna-

611 4145 784 4209 libus
828 4141 1113 4207 flammis
1157 4141 1514 4206 tradebant
1576 4143 1971 4210 cruciandas.
2067 4146 2157 4213 Et
2198 4149 2439 4216 abhinc
2480 4151 2708 4216 Judaei

611 4268 726 4332 per
767 4245 989 4330 plures
1032 4263 1240 4307 annos
1286 4243 1628 4308 civitatem
1674 4243 1955 4311 Eboraci
2012 4247 2385 4316 inhabitare
2428 4253 2543 4319 sed
2588 4275 2708 4320 nec

682 4529 697 4560 ‘
731 4527 1106 4594 somniantibus]
1200 4529 1617 4594 sompniantibus,
1710 4531 1797 4581 the
1843 4533 1981 4584 Jews
2026 4535 2081 4584 iu
2120 4536 2263 4586 York
2306 4541 2475 4600 eastle,
2511 4544 2613 4592 and
2655 4544 2717 4593 of

615 4607 730 4658 MS.
1711 4611 1844 4660 their
1887 4612 2323 4676 seis-destruction,
2369 4619 2412 4668 is
2456 4620 2609 4684 given
2654 4623 2708 4671 in

681 4687 702 4716 ²
735 4684 870 4750 inde]
910 4685 1109 4745 ibidem,
1131 4687 1194 4736 R.
1220 4687 1286 4739 H.
1711 4698 1910 4754 greater
1930 4693 2083 4742 detail
2119 4695 2189 4760 by
2216 4697 2440 4746 William
2474 4699 2538 4748 of
2560 4700 2712 4752 Nev-

686 4765 706 4794 ⁸
736 4765 850 4816 The
889 4766 1145 4817 narrative
1181 4769 1241 4817 of
1272 4767 1358 4818 the
1397 4769 1534 4833 siege
1567 4768 1628 4818 of
1711 4771 1893 4834 burgh,
1917 4771 1970 4821 ii.
1994 4777 2075 4823 24.
