3519 5734
866 838 999 901 440
1416 848 1763 903 memus
1805 847 2020 901 Annss
2065 850 2420 905 smnus,

527 1021 667 1073 ΑΔ).
694 1028 823 1076 1228
862 1022 1156 1081 irruentes
1192 1022 1468 1096 precibus
1504 1024 1739 1082 avertit.
1817 1023 2084 1097 Contigit
2133 1042 2204 1081 eo
2257 1024 2322 1081 in
2373 1024 2572 1081 studio
2621 1023 2976 1081 dormitante

524 1092 707 1141 4247.

524 3443 559 3492 s.
586 3447 648 3492 65
667 3441 713 3493 b.

862 1108 1167 1165 candelam
1216 1124 1394 1180 super
1428 1108 1689 1165 Bibliam
1723 1109 1932 1165 cadere
1985 1112 2047 1164 et
2093 1109 2320 1175 ardere,
2369 1110 2498 1177 sed,
2537 1126 2607 1164 eo
2655 1109 2977 1180 evigilante

863 1196 925 1247 et
958 1192 1309 1262 suspirante,
1349 1191 1575 1247 nullam
1609 1193 1901 1248 ustionem
1947 1209 2234 1263 apparere
2273 1234 2287 1249 .
2331 1232 2346 1248 .
2385 1232 2400 1248 .
2439 1232 2454 1247 .
2545 1190 2695 1264 Ejus
2743 1192 2943 1247 cilicia
2959 1190 2976 1223 ¹

862 1275 1187 1331 inveterata
1219 1274 1349 1346 igni
1386 1276 1604 1331 tradita
1636 1275 1904 1332 comburi
1927 1292 2045 1331 non
2060 1278 2347 1347 poterant,
2375 1293 2486 1332 nec
2521 1276 2586 1331 in
2607 1275 2821 1331 ciliciis
2845 1276 2978 1347 ejus

861 1376 929 1414 ac
964 1358 1195 1414 caeteris
1230 1357 1498 1415 vestibus
1518 1358 1621 1415 vix
1654 1376 1916 1431 unquam
1937 1358 2161 1415 vermis
2195 1359 2448 1432 reperiri
2482 1359 2694 1431 potuit.
2769 1357 2977 1415 Missis

861 1437 1175 1509 aliquando
1209 1437 1284 1493 de
1321 1436 1642 1495 cantuaria
1675 1438 1751 1495 ad
1789 1436 2186 1495 Sarisburiam
2221 1438 2442 1495 nuntiis
2489 1456 2602 1510 pro
2643 1430 2825 1495 dicto
2859 1438 2978 1494 Ed-

861 1516 1081 1573 mundo
1125 1516 1316 1588 ipsius
1351 1517 1467 1574 loci
1512 1518 1882 1575 thesaurario
1917 1518 1982 1573 in
2016 1518 2525 1591 archiepiscopum
2557 1517 2976 1591 promovendo,

862 1601 949 1656 ait
982 1601 1059 1656 ad
1104 1618 1206 1657 eos
1241 1599 1514 1667 decanus,
1556 1604 1597 1630 ‘⁸
1616 1602 1780 1657 Bene
1826 1601 2110 1658 veneritis
2147 1607 2209 1658 et
2241 1602 2396 1657 male
2435 1602 2740 1659 veneritis.
2815 1602 2982 1657 Bene

864 1687 902 1713 ‘⁸
942 1684 1179 1756 quidem
1206 1684 1365 1755 quod
1399 1692 1617 1742 nostroe
1641 1686 1906 1741 ecclesiae
1942 1684 2224 1741 honorem
2265 1685 2494 1752 facitis;
2531 1686 2639 1743 sed
2659 1686 2818 1743 male
2839 1686 2982 1757 quia

866 1770 905 1796 “
944 1767 1287 1823 thesaurum
1321 1774 1591 1825 nostrum
1624 1786 1762 1824 eum
1801 1768 2172 1825 thesaurario
2195 1768 2502 1825 aufertis?
2577 1769 2979 1827 Calciamenta

862 1852 1103 1925 propria
1126 1850 1241 1907 sibi
1278 1850 1588 1907 detrahere
1623 1869 1740 1907 non
1766 1852 2022 1909 erubuit.
2100 1851 2448 1924 cuicunque
2474 1854 2649 1911 obvio
2665 1854 2690 1887 ²
2713 1852 2982 1911 confiteri

860 1931 1081 1987 volenti
1117 1922 1321 1986 etiam
1373 1930 1447 1985 de
1486 1947 1639 2002 equo
1692 1930 2053 1987 descendens
2091 1932 2450 1989 audientiam
2503 1934 2780 2007 praebuit,
2816 1934 2983 1989 nulla

862 2010 1015 2065 aeris
1034 2010 1055 2043 ³
1080 2009 1428 2082 intemperie
1470 2015 1575 2066 aut
1596 2009 1840 2083 hospitii
1876 2010 2316 2083 propinquitate
2350 2012 2708 2069 retardatus.
2783 2013 2983 2069 Instar

859 2094 1050 2159 olivoe,
1090 2111 1222 2166 quoe
1246 2092 1362 2149 sibi
1396 2094 1616 2150 retinet
1649 2093 1888 2151 corticis
1929 2093 2382 2151 amaritudinem
2419 2102 2482 2152 et
2515 2098 2748 2153 caeteris
2786 2095 2984 2153 fundit

860 2176 1111 2248 liquoris
1137 2176 1529 2243 dulcedinem,
1568 2176 1655 2233 sic
1698 2177 1828 2249 ipse
1870 2177 2112 2234 sibimet
2151 2184 2284 2235 erat
2321 2178 2530 2247 durus,
2557 2180 2789 2237 caeteris
2825 2197 2984 2236 com-

858 2261 1088 2332 patiens
1136 2266 1199 2316 et
1230 2260 1543 2332 benignus.
1638 2260 1857 2317 Pectus
1893 2278 2070 2317 suum
2115 2260 2456 2334 frequenter
2503 2264 2748 2331 tutudit,
2787 2282 2984 2336 genua

862 2350 1037 2400 terrae
1072 2342 1310 2409 collisit,
1361 2343 1447 2401 ita
1479 2348 1549 2399 ut
1594 2343 1800 2399 cleriei
1837 2344 1948 2399 sub
1983 2360 2054 2401 eo
2101 2344 2164 2399 in
2211 2344 2468 2403 cellariis
2515 2352 2834 2419 pausantes
2879 2346 2982 2403 vix

860 2428 1119 2483 dormire
1140 2432 1398 2501 possent.
1474 2426 1689 2481 Sexum
1716 2427 2060 2484 foemineum
2095 2428 2172 2483 ob
2194 2428 2475 2487 honorem
2496 2429 2686 2486 beatae
2708 2430 2981 2501 Virginis

862 2530 1093 2584 semper
1116 2511 1457 2577 honoravit3
1496 2528 1604 2567 nec
1626 2517 1826 2569 tamen
1859 2528 1970 2583 per
1991 2511 2104 2568 hoc
2126 2512 2422 2569 maculam
2445 2513 2714 2570 incurrit.
2785 2514 2981 2570 Immo

862 2613 998 2651 cum
1022 2613 1059 2651 a
1094 2594 1347 2667 quodam
1369 2593 1651 2649 familiari
1688 2611 1796 2649 suo
1832 2611 1905 2649 ex
1938 2595 2050 2651 hoc
2090 2596 2625 2669 reprehenderetur
2660 2598 2821 2670 quod
2843 2616 2978 2654 eum

862 2678 1115 2750 quadam
1138 2678 1346 2751 pulcra
1378 2682 1645 2733 matrona
1678 2682 1804 2733 tam
1828 2678 2169 2750 frequenter
2203 2680 2567 2751 loqueretur,
2604 2681 2981 2753 respondisse

862 2763 1067 2827 fertur,
1112 2764 1151 2789 “
1170 2760 1467 2819 Vidistine
1491 2778 1667 2833 quam
1693 2762 1960 2833 speciosa
1991 2761 2110 2817 fuit
2143 2760 2291 2817 illa?
2365 2762 2596 2836 Soepius
2619 2764 2769 2820 mihi
2792 2764 2981 2821 fateor

863 2848 903 2875 “
942 2846 1180 2912 assedit,
1206 2862 1509 2916 nunquam
1530 2851 1729 2902 tamen
1764 2845 1898 2918 plns
1922 2843 1996 2901 de
2033 2844 2140 2901 illa
2162 2864 2340 2919 quam
2363 2846 2438 2903 de
2461 2865 2635 2904 muro
2657 2853 2978 2923 temptatus

864 2933 903 2958 ‘⁸
942 2931 1128 2986 extiti.
1204 2928 1358 2998 Quin
1381 2929 1561 2984 etiam
1596 2928 1649 2984 si
1686 2929 1882 2984 omnia
1916 2947 2049 3001 quae
2085 2931 2149 2984 in
2169 2930 2281 2985 hoc
2302 2931 2532 3002 peceati
2567 2949 2786 3002 genere
2821 2950 2978 2989 com-

865 3015 905 3042 “
941 3014 1077 3070 misi
1118 3013 1183 3069 in
1216 3015 1407 3069 fronte
1430 3030 1563 3068 meo
1586 3013 2062 3085 depingerentur,
2089 3031 2206 3068 non
2229 3014 2697 3072 erubescerem.''
2769 3016 2977 3072 Mune-

860 3115 995 3153 rum
1032 3102 1369 3170 acceptores
1430 3094 1858 3161 detestabatur,
1899 3095 2102 3152 dicens
2157 3095 2405 3162 Gallice,
2459 3100 2499 3125 “
2520 3097 2688 3154 Inter
2729 3100 2976 3172 prendre

864 3183 903 3208 “
942 3185 1004 3236 et
1033 3180 1248 3252 pendre
1282 3177 1457 3235 u'nica
1492 3179 1774 3234 duntaxat
1823 3178 2003 3236 distat
2051 3179 2276 3236 iotha.”
2351 3180 2683 3254 Instigante
2735 3183 2974 3239 tandem

859 3263 1109 3330 diabolo,
1156 3282 1263 3320 rex
1296 3262 1594 3319 Henricus
1648 3281 1769 3319 una
1820 3280 1957 3318 cum
2003 3262 2264 3336 capitulo
2311 3262 2720 3322 cantuariensi
2771 3273 2976 3323 contra

857 3348 1055 3420 ipsum
1077 3347 1405 3413 rebellavit,
1446 3346 1555 3402 sub
1580 3363 1697 3418 quo
1719 3346 1956 3402 turbine
1991 3346 2182 3403 multa
2203 3346 2617 3406 dissimulavit.
2691 3350 2975 3407 Persecu-

858 3439 1017 3488 tores
1054 3449 1191 3488 suos
1228 3428 1304 3487 ad
1344 3429 1547 3486 oscula
1599 3435 1661 3486 et
1702 3430 1850 3486 alias
1901 3429 2334 3488 familiaritates
2369 3431 2626 3490 admisit.
2719 3434 2800 3490 Et
2838 3453 2976 3490 eum

862 3513 1037 3569 amici
1074 3513 1169 3568 sui
1192 3512 1458 3568 dicerent
1479 3512 1629 3567 hanc
1663 3512 1912 3568 nimiam
1934 3513 2445 3570 mansuetudinem
2468 3516 2800 3588 exemplum
2841 3519 2976 3574 aliis

860 3595 1121 3668 praebere
1147 3595 1533 3651 consimiliter
1556 3595 1924 3667 insurgendi,
1945 3596 2268 3669 respondit,
2299 3599 2338 3625 “
2354 3598 2774 3658 Inundationes
2795 3603 2976 3660 maris

863 3684 905 3710 “
944 3679 1112 3753 quasi
1134 3679 1227 3736 lac
1263 3696 1477 3750 sugere
1514 3671 1816 3747 debemus,
1845 3685 1906 3736 et
1941 3699 2078 3736 cum
2111 3698 2474 3753 praecursore
2510 3683 2752 3740 Domini
2787 3703 2977 3742 come-

864 3767 904 3792 “
941 3763 1081 3820 dere
1116 3762 1236 3818 mel
1272 3762 1543 3819 silvestre
1580 3763 1642 3818 in
1678 3763 1912 3819 deserto
1955 3763 2180 3820 mundi.
2275 3765 2400 3821 Soli
2439 3767 2658 3840 quippe
2692 3768 2819 3824 Deo
2856 3786 2976 3824 ser-

862 3850 899 3876 “
937 3847 1131 3904 vanda
1176 3856 1269 3902 est
1315 3847 1579 3918 potentia
1610 3846 1968 3904 vindicandi.
2069 3847 2160 3903 De
2215 3849 2424 3906 alienis
2461 3850 2805 3908 defectubus
2839 3852 2978 3909 nolo

864 3933 904 3960 “
941 3930 1088 3988 mihi
1125 3931 1496 4004 dispendium
1533 3930 1925 4004 propagare.”
1999 3931 2331 3989 convocato
2364 3933 2744 4005 praelatorum
2794 3941 2974 4003 coetu,

860 4017 1117 4089 inquirit
1164 4014 1453 4086 quomodo
1508 4016 1820 4072 ecclesiam
1875 4016 2003 4088 jam
2061 4016 2398 4074 ancillatam
2455 4019 2720 4077 relevare
2766 4022 2974 4092 possit.

862 4099 1215 4156 Decernitur
1236 4116 1443 4171 regem
1479 4116 1616 4156 cum
1652 4099 1884 4157 caeteris
1920 4100 2242 4159 rebellibus
2280 4101 2710 4160 admonendum
2733 4104 2878 4171 fore,
2917 4111 2978 4160 et

862 4184 916 4239 si
972 4201 1090 4239 nou
1146 4183 1587 4256 corrigerentur
1653 4183 2032 4241 severitatem
2081 4184 2496 4244 ecclesiasticae
2547 4205 2813 4244 censurae
2859 4206 2974 4244 non

860 4266 1139 4323 dormire.
1213 4267 1396 4323 Paret
1440 4267 1538 4325 vir
1572 4273 1844 4325 sanctus:
1895 4285 2103 4339 regem
2151 4267 2507 4341 alloquitur3
2559 4277 2622 4328 et
2671 4288 2776 4326 rex
2824 4272 2978 4343 petit

861 4349 1341 4406 deliberationem
1366 4367 1545 4423 super
1578 4350 1698 4407 hiis
1732 4350 1958 4407 haberi.
2035 4351 2323 4424 Expectat
2343 4353 2447 4408 ille
2484 4353 2591 4410 sed
2610 4355 2698 4410 nil
2729 4355 2972 4427 profuit.

862 4434 993 4504 Qua
1025 4433 1100 4490 de
1124 4451 1320 4500 causa,
1361 4434 1474 4491 soli
1508 4434 1643 4507 regi
1666 4434 2003 4501 deferendo,
2031 4435 2094 4489 in
2129 4441 2375 4493 caeteros
2409 4437 2662 4495 rebelles
2685 4439 2979 4496 sententia

865 4517 1235 4574 fulminatur.
1327 4516 1410 4574 At
1444 4535 1581 4574 cum
1615 4535 1724 4574 nec
1758 4518 1878 4575 hiis
1915 4525 2452 4591 compungerentur
2485 4527 2972 4594 transgressores,

860 4601 1185 4658 cedendum
1207 4601 1401 4673 magis
1437 4602 1669 4658 censuit
1688 4601 1946 4658 malitiis
1972 4621 2151 4674 quam
2185 4603 2474 4662 inservire
2510 4603 2744 4676 litigiis.
2821 4606 2972 4662 0011-

927 4779 944 4810 ¹
977 4777 1169 4844 cilicia]
1208 4777 1389 4841 silicia,
1409 4777 1522 4831 MS.
2031 4781 2054 4813 ⁸
2083 4780 2242 4851 αενίε]
2282 4779 2448 4844 aiei-is,
2467 4779 2584 4834 MS.

923 4859 945 4890 ²
976 4855 1141 4924 obvio]
1180 4857 1295 4922 sibi,
1316 4857 1381 4910 Β.
1407 4852 1477 4904 H·
1704 4869 1709 4874 ’
