3519 5734
1201 831 1572 882 anrpns
1614 830 1834 882 ABBAs
1878 833 2251 884 sncunnns
2651 820 2778 898 163

672 1003 885 1082 nobis,
933 1026 1083 1070 cum
1127 1025 1393 1092 corpore
1438 1025 1576 1084 suc,
1628 1005 1963 1091 quandam
2021 1006 2412 1092 particulam
2457 1012 2651 1074 terrae
2702 1008 2776 1074 in
2800 1015 3095 1070 A.D.1160

673 1106 1144 1194 Dodyngtona.
1236 1107 1365 1172 Sed
1432 1112 1687 1193 quanta
1746 1108 1950 1173 fuerit
1995 1108 2101 1173 vel
2145 1109 2162 1140 “
2183 1109 2269 1174 ad
2287 1109 2307 1140 '
2351 1131 2513 1195 quos
2580 1112 2772 1177 deve·
2797 1090 3101 1216 gig-land

672 1211 847 1276 norit
890 1209 1281 1298 ignoratu1·.¹
1351 1211 1511 1276 Post
1555 1211 1743 1296 cujus
1789 1215 2086 1290 mortem,
2135 1212 2517 1298 praescripta
2561 1213 2770 1293 Ineta,
2796 1231 2852 1280 in
2881 1231 3112 1298 Doding-

671 1313 753 1378 de
799 1335 930 1399 qua
972 1314 1110 1400 ipse
1155 1313 1483 1380 Ernaldus
1499 1311 1527 1350 2
1569 1314 1786 1379 filium
1851 1313 2132 1400 genuit,3
2175 1313 2518 1401 praefatam
2582 1317 2775 1381 dimi·
2797 1303 2887 1428 {gen
2891 1298 3082 1416 {1231

671 1417 850 1481 diam
925 1420 1299 1483 carucatam
1372 1421 1569 1482 terrae
1643 1416 1990 1502 expetivit,
2067 1417 2290 1482 dicens
2379 1418 2770 1505 praedictum.
2798 1431 2860 1482 de
2881 1431 3098 1485 Monbe-

671 1519 1035 1585 Ernaldum
1077 1540 1224 1584 eam
1264 1518 1396 1584 sibi
1438 1523 1507 1584 et
1550 1518 1690 1584 filio
1732 1539 1852 1584 suo
1898 1518 2265 1585 contulisse.
2358 1520 2586 1605 Abbas
2614 1543 2773 1588 vero
2797 1512 2913 1563 8011·

666 1625 738 1686 et
781 1622 1081 1688 canonici
1124 1621 1206 1686 de
1236 1619 1623 1686 Thorntona
1650 1621 1913 1686 mulieri
1927 1625 1930 1628 ’
1944 1621 2280 1708 praedictae
2325 1623 2398 1687 in
2426 1622 2551 1689 hac
2579 1645 2774 1690 causa

666 1724 1085 1804 assistebant,
1115 1707 1442 1811 praecipue
1487 1723 1646 1810 quia
1688 1723 1832 1810 ipsa
1876 1723 2301 1791 medietatem
2347 1731 2640 1812 quaestus
2669 1727 2772 1792 sui

668 1828 765 1893 eis
807 1826 1244 1915 promittebat
1304 1827 1361 1892 si
1426 1825 1641 1892 filium
1685 1826 1826 1913 ejus
1871 1827 2276 1914 susciperent
2318 1829 2768 1897 nutriendum.

669 1928 849 2011 Sed,⁴
893 1951 1043 1996 cum
1086 1951 1309 2018 pacem
1342 1950 1490 1995 cum
1519 1929 1703 1995 dicta
1745 1927 2022 1996 muliere
2052 1929 2427 1996 fecissemus
2456 1935 2526 1997 et
2554 1931 2768 1998 filium

668 2034 809 2120 ejus
852 2034 1325 2120 susciperemus
1369 2031 1820 2110 nutriendum,
1868 2032 1964 2098 eis
1981 2031 2010 2068 ⁶
2052 2053 2212 2099 vero
2261 2033 2376 2119 jus
2437 2057 2630 2101 suum
2692 2037 2768 2104 in

668 2136 814 2223 ipsa
856 2136 1135 2202 dimidia
1178 2139 1481 2202 carucata
1525 2138 1721 2202 terrae
1766 2134 2281 2222 abjurantibus,⁰
2323 2139 2500 2224 pacti
2543 2161 2768 2204 sumus

664 2239 825 2326 ipsis
865 2239 1099 2305 abbati
1142 2246 1212 2306 et
1256 2238 1583 2306 canonicis
1613 2238 1695 2304 de
1724 2237 2110 2304 Thorntona
2139 2239 2552 2328 praescriptos
2581 2242 2768 2309 xviii.

664 2341 966 2408 denarios
1024 2343 1277 2408 solvere
1342 2341 1705 2407 annuatim.
1797 2341 2117 2407 Osbertus
2183 2343 2388 2408 etiam
2446 2344 2528 2409 de
2593 2344 2770 2409 Fris·
2791 2355 2953 2409 Mora.

665 2447 939 2512 marisco
982 2445 1252 2532 primus,
1285 2445 1401 2530 qui
1446 2443 1753 2509 similiter
1796 2464 2056 2546 magnae
2099 2445 2430 2533 opinionis
2472 2447 2580 2510 vir
2618 2446 2764 2528 fuit,
2791 2461 2934 2513 Laud
2946 2462 3100 2530 given

662 2549 863 2614 aliam
907 2549 1253 2614 dimidiam
1282 2550 1655 2613 carucatam
1683 2551 1877 2612 terrae
1920 2551 2120 2612 antea
2160 2547 2352 2613 nobis
2397 2549 2766 2615 contulerat
2788 2529 3066 2646 gfffflbm

664 2652 737 2717 in
782 2652 1087 2738 proximo
1145 2649 1502 2732 territoriO,
1550 2648 1802 2716 scilicet
1861 2649 1937 2714 in
2003 2671 2232 2737 campo
2299 2651 2382 2716 de
2445 2651 2646 2731 Mora,
2695 2657 2764 2718 et
2787 2663 2970 2716 mersh.

665 2759 1005 2841 pasturam
1066 2775 1189 2820 ccc.
1236 2752 1473 2819 ovibus
1538 2752 1627 2817 ad
1688 2751 2125 2838 aquilonalem
2187 2759 2444 2842 partem
2513 2755 2594 2820 de
2638 2755 2762 2821 Be-

665 2857 846 2925 forth
868 2857 916 2941 ;⁷
962 2879 1160 2945 quam
1190 2856 1387 2923 etiam
1422 2855 1637 2923 dictus
1668 2855 2001 2921 Ernaldus
2022 2854 2049 2893 ⁸
2081 2856 2268 2924 nobis
2313 2857 2760 2927 confirmabat.

664 2961 879 3041 Quam
952 2961 1517 3026 confirmationem
1586 2958 1832 3025 obtulit
1909 2980 2104 3046 super
2166 2982 2482 3048 magnum
2553 2962 2762 3028 altare

661 3069 977 3143 nostrum,
1023 3066 1345 3152 praesente
1398 3082 1663 3149 corpore
1710 3060 1963 3131 Christi
2009 3067 2080 3127 et
2121 3068 2346 3129 nostro
2408 3071 2756 3145 conventu,

660 3165 822 3233 data
862 3166 995 3233 fide
1038 3166 1134 3232 sic
1178 3164 1572 3245 tenendam3
1618 3164 2053 3229 conventione
2097 3165 2418 3251 siquidem
2465 3166 2591 3231 tali
2642 3188 2758 3232 an-

659 3291 849 3349 nexa,
881 3269 1058 3356 quod
1103 3268 1161 3333 si
1205 3266 1456 3354 aliquid
1491 3266 1703 3353 jurgii
1747 3266 1859 3331 vel
1903 3267 2320 3334 contumeliae
2365 3269 2543 3334 inter
2585 3270 2758 3356 ipsos

652 3373 1021 3439 Ernaldum
1068 3377 1138 3439 et
1183 3370 1540 3437 Osbertum
1569 3370 1677 3435 vel
1708 3390 1934 3435 eorum
1979 3369 2248 3436 heredes
2289 3376 2507 3437 ortum
2555 3372 2757 3439 fuerit

658 3476 732 3540 in
777 3480 1042 3556 eventu,
1084 3496 1209 3540 nos
1252 3496 1370 3561 per
1428 3472 1680 3538 dictum
1725 3470 2091 3537 Ernaldum
2134 3473 2246 3539 vel
2288 3472 2560 3539 heredes
2603 3497 2756 3541 suos

657 3598 775 3665 per
840 3577 1281 3643 substantiam
1349 3580 1644 3641 nostram
1712 3574 1786 3638 in
1849 3574 2072 3661 aliquo
2137 3597 2273 3641 non
2315 3578 2756 3644 vexaremur.⁰

660 3679 767 3759 Et,
799 3681 955 3766 quia
998 3701 1117 3747 sex
1160 3700 1327 3745 acrae
1370 3683 1567 3743 terrae
1612 3668 1968 3744 defuerunt
2015 3678 2096 3743 de
2145 3678 2424 3745 dimidia
2453 3686 2756 3747 carucata

655 3789 850 3850 terrae
893 3778 1283 3870 praedicta‚¹⁰
1341 3782 1516 3847 idem
1565 3778 1886 3846 Osbertus
1907 3778 1954 3819 ¹¹
2002 3780 2220 3847 Alano
2263 3782 2401 3848 filio
2459 3806 2578 3850 suo
2640 3784 2751 3850 de-

724 4106 735 4137 ¹
778 4104 881 4155 Sed
912 4142 923 4155 .
962 4140 975 4153 .
1012 4140 1026 4156 .
1062 4141 1075 4154 .
1122 4100 1389 4168 ynoratur]
1428 4100 1656 4166 wanting
1818 4102 1838 4131 ⁸
1869 4118 2012 4167 quam
2047 4140 2060 4153 .
2088 4139 2101 4152 .
2129 4140 2142 4154 .
2163 4102 2450 4170 Ernaldus]
2489 4106 2576 4169 qui
2599 4106 2750 4157 etiam

656 4185 711 4235 in
731 4184 793 4235 P,
1177 4202 1201 4221 ο
1753 4179 1919 4230 dictus
1971 4180 2222 4233 Ernaldus
2276 4183 2436 4249 ipsam
2492 4186 2750 4236 dimidiam

721 4268 741 4296 ²
774 4264 927 4315 After
948 4260 1209 4327 Ernaldus
1240 4260 1395 4311 insert
1434 4269 1489 4311 ut
1524 4276 1652 4325 proe-
1754 4268 2040 4311 carucatam
2062 4270 2223 4325 terrm,
2247 4262 2304 4313 P.

656 4346 859 4403 dicitur,
883 4343 943 4395 P.
1819 4343 1840 4400 ?
1871 4356 1963 4389 non
1989 4343 2318 4408 vexaremurJ.
2335 4346 2508 4395 vexari
2541 4345 2749 4396 minime

722 4426 741 4454 ³
772 4424 964 4491 yenuit]
1004 4422 1303 4488 procreavit,
1325 4421 1385 4471 P.
1754 4421 2060 4483 deberemus,
2083 4420 2143 4471 P.

722 4505 740 4533 ⁴
778 4502 902 4568 Sed]
940 4504 1107 4562 Unde,
1129 4503 1189 4552 P.
1823 4502 1860 4530 ¹⁰
1895 4508 2034 4549 terroe
2050 4501 2320 4568 predicta]
2361 4505 2588 4570 wanting
2609 4506 2662 4555 in
2686 4506 2746 4556 P.

722 4586 741 4612 ⁵
774 4582 869 4648 eie]
907 4598 1077 4633 eorum
1099 4590 1323 4646 utroque,
1347 4582 1407 4631 P.
1821 4580 1852 4609 ¹¹
1890 4578 2043 4631 After
2081 4578 2316 4631 osbertus
2349 4583 2521 4646 insert,
2555 4586 2610 4634 in
2645 4584 2750 4635 vita

723 4665 743 4691 ⁸
776 4660 1146 4728 abjurantibus]
1186 4661 1460 4725 abjurante.
1486 4661 1545 4711 P.
1750 4676 1856 4721 sua,
1880 4659 2058 4711 animae
2081 4675 2184 4711 sum
2219 4660 2518 4725 perhorrens
2556 4664 2752 4727 pericu-

727 4742 744 4769 “’
777 4738 835 4790 de
858 4740 1091 4807 Bejbrth]
1130 4740 1388 4802 Bifordiae,
1412 4741 1471 4790 P.
1750 4742 1870 4799 lum,
1894 4740 1952 4790 P.

2351 4825 2556 4911 L2·
