3519 5734
1162 832 1531 886 PHILIPPUs
1575 835 1794 886 AsBAs
1837 833 2212 888 suom-mus,
2601 823 2730 888 183

641 1009 713 1073 in
757 1009 1070 1096 Angliam
1114 1031 1155 1073 a
1198 1007 1501 1073 nefandis
1545 1009 1790 1074 occisus
1846 1013 1964 1088 est,
2011 1029 2188 1073 anno
2234 1007 2506 1072 Domini
2539 1007 2728 1078 1170.
2756 1016 3038 1069 A.D.11.s4

641 1121 759 1175 Hic
830 1120 1011 1176 etiam
1068 1119 1339 1191 Roget-us
1414 1119 1886 1190 archiepiscopus
1959 1119 2363 1183 Eboracensis,
2439 1133 2588 1176 cum
2650 1111 2734 1175 de
2754 1091 3038 1229 gelid-sus-

640 1216 853 1278 morte
896 1212 1101 1299 ipsius
1144 1211 1413 1278 Thomae
1474 1219 1741 1299 propter
1801 1213 2122 1277 invidiam
2185 1231 2382 1298 quam
2445 1213 2518 1276 in
2583 1235 2733 1279 eum
2756 1245 2932 1308 peeted
2953 1245 3009 1295 in

638 1320 1017 1380 exercuerat
1061 1320 1401 1402 suspectus
1446 1313 1821 1393 haberetur,
1875 1341 2071 1379 coram
2128 1363 2143 1378 .
2203 1363 2218 1377 .
2275 1323 2734 1397 Rothomagensi
2759 1311 3072 1429 ffisgaekogt’s

638 1417 1074 1490 archiepiscopo
1111 1417 1184 1472 de
1219 1418 1409 1488 ipsius
1430 1417 1447 1450 ¹
1485 1423 1674 1474 morte
1725 1415 2043 1474 solenniter
2092 1431 2155 1470 se
2191 1415 2489 1486 purgavit.
2565 1417 2735 1472 Idem
2761 1443 2928 1496 death.

639 1527 871 1582 quoque
894 1509 1166 1583 Rogerus
1202 1511 1447 1566 chorum
1471 1510 1824 1566 cathedralis
1849 1508 2114 1564 ecelesiae
2151 1519 2288 1565 suae
2353 1509 2424 1563 be
2432 1509 2512 1564 ati
2539 1504 2732 1564 Petri'
2758 1521 3032 1590 Buildings

637 1602 1021 1658 Eboracensis
1058 1619 1195 1658 cum
1241 1602 1448 1673 criptis
1486 1602 1770 1674 ejusdem,
1811 1607 1872 1657 et
1918 1601 2205 1672 palatium
2241 1601 2733 1673 archiepiscopale
2759 1593 2956 1668 01:00&
2977 1593 3048 1657 by

638 1687 699 1740 in
732 1686 1019 1752 EboracO,
1061 1687 1219 1757 quod
1255 1692 1347 1742 est
1388 1727 1398 1740 .
1446 1727 1459 1742 .
1492 1687 1665 1757 juxta
1698 1687 1892 1758 ipsam
1927 1686 2254 1752 ecclesiam,
2294 1685 2366 1740 de
2413 1703 2564 1742 novo
2601 1705 2732 1741 con-
2757 1655 2886 1706 lum·

638 1772 869 1827 struxit.
946 1771 1225 1827 Condidit
1259 1771 1438 1827 etiam
1475 1772 1784 1827 ecclesiam
1801 1771 1824 1803 ²
1856 1769 2055 1825 Sancti
2083 1770 2352 1842 Sepulcri
2388 1770 2463 1825 ad
2491 1771 2733 1840 januam
2757 1767 2991 1843 Eounda-

635 1855 825 1926 ipsius
862 1855 1088 1926 palatii,
1130 1873 1199 1910 ex
1235 1859 1402 1927 parte
1455 1855 1679 1910 boreali
1728 1853 1996 1926 ejusdem
2052 1853 2316 1910 ecclesioe
2352 1854 2511 1908 beati
2547 1854 2730 1920 Petri,
2758 1841 2867 1883 ‘¹⁰¹²
2890 1835 2950 1883 ⁰f
2966 1835 3040 1884 St·

637 1957 703 1994 ac
740 1940 930 2012 ipsam
976 1941 1041 1994 in
1074 1940 1353 1995 honorem
1388 1939 1571 1994 beatae
1590 1940 1613 1972 ³
1646 1935 1856 1994 Mariae
1905 1943 1966 1994 et
2002 1945 2334 1994 sanctorum
2369 1937 2735 2010 Angelorum
2760 1900 2938 2017 ἓξὲξ

636 2023 949 2090 dedicavit,
989 2041 1235 2096 eamque
1270 2023 1545 2079 undecim
1582 2023 1869 2087 eeclesiis,
1908 2041 2159 2093 quarum
2199 2023 2458 2094 quinque
2495 2039 2566 2076 ex
2601 2041 2733 2095 pro·

634 2108 767 2178 pria
820 2125 927 2163 sua
978 2108 1307 2180 largitione,
1363 2126 1465 2164 sex
1516 2125 1657 2164 vero
1710 2125 1781 2162 ex
1837 2107 2143 2162 collatione
2195 2106 2562 2177 quorundam
2597 2107 2737 2162 fide·-

636 2191 783 2246 lium
808 2209 929 2248 suae
953 2193 1273 2248 dioeceseos
1298 2192 1629 2256 extiterant,
1657 2209 1804 2263 quas
1830 2190 2024 2245 eidem
2059 2191 2300 2262 capellae
2336 2191 2588 2245 conferri
2604 2209 2736 2263 pro-

636 2277 883 2340 curavit,
928 2273 1225 2347 [dotavit],
1262 2281 1325 2330 et
1358 2275 1675 2330 tresdecim
1710 2275 2013 2330 ministros
2051 2274 2478 2330 ecclesiasticos
2515 2274 2736 2330 diversi

636 2358 854 2415 ordinis
889 2359 965 2415 ‘ad
1000 2359 1450 2415 celebrationem
1487 2357 1822 2413 divinorum
1857 2357 1921 2412 in
1957 2375 2027 2412 ea
2062 2363 2376 2428 perpetuos
2415 2357 2736 2414 constituit.

636 2443 898 2512 Qum-um
931 2443 969 2497 4
1004 2461 1134 2498 esse
1172 2442 1523 2508 sacerdotes,
1562 2442 1599 2494 4
1636 2441 1929 2506 diaconos,
1967 2443 2004 2494 4
2041 2440 2422 2496 subdiaconos
2460 2446 2520 2496 et
2553 2459 2736 2496 unum

636 2527 961 2591 sacristam,
1026 2527 1129 2598 qui
1180 2531 1463 2597 praeesset
1515 2524 1784 2596 reliquis,
1838 2524 2133 2589 decrevit3
2211 2541 2388 2596 quem
2435 2526 2737 2580 custodem

636 2613 824 2684 ipsius
860 2611 1099 2682 capellae
1136 2617 1197 2666 et
1240 2615 1681 2682 procuratorem
1716 2609 1980 2665 omnium
2020 2615 2412 2680 proventuum
2448 2609 2736 2664 dictarum

638 2696 703 2750 11
742 2695 1124 2751 eeclesiarum
1160 2695 1236 2750 ad
1288 2693 1536 2748 eandem
1590 2693 1880 2765 capellam
1931 2693 2354 2765 pertinentium
2402 2693 2736 2750 0111111811111.4

634 2779 732 2845 Et,
770 2797 845 2834 118
881 2778 1103 2834 eisdem
1138 2779 1425 2834 ministris
1462 2783 1796 2849 competens
1850 2777 2081 2832 deesset
2115 2778 2482 2842 sustentatiO,
2533 2780 2766 2834 statuit·

635 2863 795 2919 idem
830 2863 1301 2935 archiepiscopus
1356 2869 1425 2919 ut
1472 2862 1882 2932 unusquisque
1918 2860 2208 2917 dictorum
2261 2862 2736 2935 presbyterorum

636 2948 838 3004 decem
884 2966 1130 3014 mareas,
1183 2948 1431 3018 quilibet
1480 2948 1517 3000 4
1572 2946 1949 3002 diaconorum
1997 2963 2047 3000 c.
2099 2945 2336 3013 solidos,
2377 2952 2438 3003 et
2483 2948 2736 3019 8111811115

637 3033 1121 3089 subdiaconorum
1159 3051 1261 3087 sex
1294 3050 1524 3087 marcas
1561 3032 1814 3102 argenti,
1856 3030 2118 3103 quolibet
2165 3049 2312 3085 anno
2358 3049 2465 3102 per
2499 3050 2736 3089 manum

635 3119 895 3173 sacristae
930 3118 1273 3190 perciperet.
1347 3115 1676 3171 Residuum
1710 3132 1852 3171 vero
1895 3114 2311 3186 praedictorum
2347 3122 2736 3185 proventuum

636 3203 697 3257 in
719 3218 893 3257 usum
930 3201 1188 3257 sacristae
1225 3201 1488 3255 converti
1513 3198 1826 3271 disposuit.
1899 3198 1979 3252 Et
2015 3198 2156 3269 quia
2181 3198 2444 3253 canonici
2478 3201 2735 3271 praefatae

635 3287 897 3343 ecclesiae
921 3286 1081 3341 beati
1104 3285 1270 3341 Petri
1294 3302 1473 3356 super
1510 3285 1629 3340 situ
1664 3282 1838 3337 dictae
1863 3282 2121 3353 capellae,
2150 3298 2219 3336 80
2257 3280 2411 3352 quod
2433 3284 2612 3338 nimis
2637 3284 2732 3337 ad-

635 3372 807 3427 haesit
840 3371 1073 3427 matrici
1098 3369 1379 3436 ecclesiae,
1407 3386 1585 3440 penes
1610 3368 2113 3439 archiepiscopum
2137 3366 2441 3437 Bogerum
2477 3367 2737 3438 graviter

633 3455 1093 3519 murmurabant,
1152 3454 1361 3509 statuit
1409 3453 1535 3523 ipse
1595 3490 1840 3506 .....
1892 3467 2028 3505 011111
2077 3450 2331 3521 capitulo
2380 3448 2734 3507 Eboracensi

634 3543 975 3609 perpetuam
1025 3538 1383 3602 firmitatem,
1440 3541 1509 3591 ut
1562 3535 1811 3590 sacrista
1871 3532 2137 3605 ejusdem
2190 3534 2428 3605 capellae
2481 3552 2550 3589 ea
2603 3554 2733 3607 quae

634 3622 709 3678 ad
743 3621 978 3677 eosdem
1026 3623 1331 3677 canonicos
1370 3624 1635 3692 spectant
1668 3620 1731 3673 in
1780 3618 1875 3673 die
1913 3634 2093 3673 coense
2129 3617 2470 3684 Dominicae,
2511 3626 2632 3674 tam
2671 3622 2733 3675 in

634 3706 825 3778 epulis
876 3723 1052 3777 quam
1102 3706 1167 3759 in
1200 3705 1338 3760 vino
1388 3710 1448 3758 et
1494 3704 1763 3767 cervisia,
1803 3708 1864 3757 et
1898 3703 2078 3765 vasis,
2119 3708 2180 3758 et
2228 3720 2381 3774 aqua
2433 3703 2621 3759 calida
2657 3704 2732 3759 ad

635 3790 993 3846 ablutionem
1048 3788 1267 3859 pedum
1334 3789 1596 3860 ipsorum
1655 3787 2064 3842 canonicorum
2137 3790 2197 3840 et
2267 3787 2613 3843 elericorum
2675 3795 2733 3844 et

633 3890 977 3947 pauperum,
1028 3878 1091 3928 et
1142 3872 1343 3927 decem
1399 3870 1615 3927 solidos
1670 3871 1901 3941 argenti
1919 3868 1941 3903 ⁶
1974 3870 2332 3941 pauperibus
2385 3876 2519 3943 post
2570 3872 2730 3927 ablu-

632 3959 849 4014 tionem
872 3958 1088 4030 pedum
1110 3958 1374 4029 ipsorum
1397 3954 1848 4019 distribuendos,
1871 3961 1932 4010 et
1952 3954 2232 4010 victualia
2255 3972 2386 4026 quae
2409 3956 2728 4012 secundum

634 4041 1111 4099 consuetudinem
1162 4041 1352 4113 ipsius
1368 4038 1393 4077 ⁷
1430 4039 1693 4095 ecclesiae
1746 4039 2011 4094 solebant
2061 4039 2193 4110 ipso
2243 4039 2338 4093 die
2374 4040 2728 4111 pauperibus

633 4133 765 4199 post
817 4126 1173 4182 ablutionem
1222 4125 1439 4197 pedum
1512 4124 1856 4188 ministrari,
1877 4206 1890 4220 ⁶
1914 4122 2244 4221 Buffnpffibus
2299 4124 2422 4221 ⁵¹²}⁸
2475 4125 2728 4221 Pl'qprfiss
2754 4166 2853 4217 Hi„
2883 4167 3068 4233 spolia.

634 4219 941 4275 inveniret.
1020 4208 1153 4274 Hic
1195 4208 1329 4274 fuit
1374 4208 1669 4295 Rogerus
1714 4206 2232 4293 archlepiscopus
2277 4227 2391 4291 qul
2420 4208 2729 4293 spollavit
2751 4234 2859 4287 tion
2883 4230 2944 4284 of

687 4397 1113 4405 —-.—————-——..-—-
1147 4398 1202 4401 —
1227 4396 1236 4401 -
1261 4396 1394 4401 -.....--..
1559 4396 1662 4401 -,-.-,--
1709 4396 1746 4399 --
1788 4394 1943 4400 .---——-
1975 4394 2091 4401 —-.-.-

700 4508 713 4537 ¹
754 4468 1149 4571 ipsiu-essancti
1173 4502 1400 4567 Thomoe,
1424 4504 1475 4554 S.
1802 4504 1822 4531 ³
1855 4498 2074 4567 sinqulae']
2107 4502 2461 4569 unusquisque,
2487 4504 2536 4554 S.

699 4589 717 4617 ²
750 4584 1020 4651 ecclesiam]
1058 4585 1313 4647 capellam,
1336 4582 1388 4633 S.
1795 4582 1815 4609 ⁸
1853 4580 1999 4631 After
2019 4583 2210 4646 arqenti
2231 4581 2386 4633 insert
2405 4582 2494 4645 lx„
2518 4584 2568 4633 S.

700 4667 719 4694 ²
752 4664 927 4729 ὁεαεω]
965 4661 1063 4713 Dei
1086 4661 1361 4728 genitricis,
1386 4662 1437 4712 S.
1799 4663 1814 4689 ⁷
1849 4660 2028 4725 ipsius]
2066 4660 2304 4724 matricis,
2327 4660 2378 4712 S.

703 4742 721 4773 ⁴
752 4738 1022 4806 ordinavit]
1060 4740 1334 4800 constituit,
1356 4737 1409 4791 S.
