3519 5734
1133 841 1501 894 Pmurrus
1544 841 1762 892 Annas
1807 843 2184 894 SECUNDUS.
2577 829 2702 900 179

604 1017 877 1099 pastura
932 1013 1007 1078 in
1076 1014 1601 1103 Spaldyngmore
1663 1021 1735 1082 et
1805 1021 2078 1102 pastura
2121 1016 2204 1082 de
2249 1015 2553 1095 Suttona,
2595 1039 2699 1084 ac-
2725 1023 2861 1077 AJ).
2891 1033 3020 1084 1160

604 1115 954 1202 quirebat3
1022 1121 1093 1184 et
1136 1140 1219 1184 ne
1264 1118 1414 1204 quis
1476 1119 1927 1206 episcoporum
1971 1117 2080 1184 vel
2137 1119 2537 1199 clericorum,
2581 1142 2699 1206 pro
2723 1097 2904 1146 ’¹¹⁸²'

503 1237 509 1243 ·
603 1217 733 1283 hiis
779 1241 927 1306 quae
970 1219 1161 1286 nobis
1205 1220 1292 1286 ab
1337 1220 1699 1307 apostolica
1754 1220 2172 1308 benignitate
2215 1225 2374 1286 sunt
2413 1221 2696 1300 indulta,

603 1320 967 1388 servientes
1008 1327 1265 1388 nostros
1316 1323 1707 1390 interdicere
1748 1323 1862 1388 vel
1911 1323 1982 1388 in
2028 1345 2138 1388 eos
2181 1324 2698 1390 excommunica-

602 1421 802 1489 tionis
874 1425 1272 1491 sententiam
1347 1426 1623 1491 auderet
1696 1425 2152 1512 promulgare3
2242 1448 2318 1492 ac
2389 1447 2476 1492 ne
2549 1427 2697 1511 quis

601 1545 801 1612 prope
844 1527 1316 1594 monasterium
1380 1527 1467 1592 ad
1532 1525 1876 1594 dimidiam
1941 1527 2204 1614 leugam
2270 1527 2400 1592 sibi
2441 1528 2698 1594 habita-

600 1627 850 1693 tionem
914 1629 1175 1711 faceret,
1244 1629 1327 1695 de
1387 1652 1517 1715 qua
1582 1630 1821 1696 merito
1888 1635 2116 1696 nostra
2180 1629 2412 1718 religio
2477 1637 2700 1718 posset

599 1732 986 1816 perturbari.
1094 1731 1196 1798 De
1268 1733 1463 1799 terris
1535 1737 1761 1800 autem
1826 1733 1959 1799 illis
2031 1734 2104 1798 in
2177 1733 2698 1821 Spaldyngmore

599 1833 771 1898 nihil
842 1857 1137 1922 unquam
1210 1835 1555 1902 recolimus
1622 1858 1743 1902 nos
1809 1836 2130 1914 habuisse,
2191 1836 2323 1902 nisi
2388 1836 2566 1923 quod
2625 1837 2700 1901 in

602 1934 781 2002 dicta
824 1939 1325 2004 confirmatione
1370 1938 1463 2004 sic
1491 1937 1856 2026 reperimus
1885 1935 2272 2018 exaratum,¹
2306 1937 2437 2003 nisi
2481 1939 2654 2004 forte
2671 1935 2698 1974 ²

601 2037 782 2104 villae
866 2039 947 2106 de
1024 2039 1511 2128 Herlethorpia,
1590 2040 1842 2128 Beleby
1917 2063 2032 2106 seu
2111 2039 2446 2126 Brunby,⁸
2521 2041 2697 2104 infra

602 2139 1125 2229 Spaldyngmore
1200 2143 1339 2208 sint
1414 2144 1701 2210 situatae.
1835 2141 2041 2229 Cujus
2114 2143 2320 2208 etiam
2393 2141 2654 2207 abbatis
2671 2141 2697 2178 ⁴

600 2247 911 2332 tempore,
990 2243 1307 2312 Urbanus
1397 2265 1571 2332 papa
1650 2247 1691 2310 3
1777 2266 1894 2331 per
1983 2244 2230 2310 bullam
2307 2245 2696 2331 generalem,

599 2365 799 2430 quam
842 2368 963 2413 nos
1024 2347 1359 2426 habemus,
1408 2348 1623 2412 ordini
1686 2353 1916 2413 nostro
1937 2343 1965 2384 ⁶
2027 2346 2362 2424 concessit,
2407 2353 2487 2414 ut
2530 2347 2700 2412 nulli

600 2449 869 2514 omnino
914 2450 1145 2516 liceret
1172 2450 1245 2515 in
1288 2471 1409 2516 nos
1443 2449 1553 2515 vel
1596 2451 1999 2514 monasteria
2027 2454 2272 2528 nostra,
2306 2470 2421 2514 seu
2463 2449 2700 2514 fratoes

599 2549 672 2614 in
717 2551 811 2616 eis
856 2553 1270 2632 constitutos,
1332 2557 1564 2617 contra
1624 2551 1699 2616 id
1758 2551 1935 2636 quod
2005 2550 2091 2616 ab
2157 2551 2410 2638 origine
2455 2551 2702 2616 ordinis

598 2653 994 2720 noscebatur
1038 2654 1479 2735 observatum,
1526 2653 2226 2721 excommunicationis
2269 2654 2376 2720 vel
2431 2675 2700 2740 suspen-

601 2755 803 2820 sionis
881 2779 995 2822 seu
1061 2757 1402 2823 interdicti
1469 2758 1868 2823 sententiam
1942 2779 2280 2846 promere:
2360 2779 2578 2844 quam,
2643 2757 2700 2822 si

607 2858 952 2946 depromta
994 2860 1213 2939 fuerit,
1262 2861 1642 2929 decreverat
1684 2861 1955 2930 omnino
1999 2884 2135 2929 non
2185 2867 2410 2928 tenere
2413 2912 2672 2929 .....
2673 2859 2700 2897 ⁶

605 3156 809 3227 ⁷OAP.
856 3158 1049 3227 VIII.
1094 3160 1195 3227 De
1238 3160 1634 3229 Aleoecmdsro
1670 3182 1868 3248 papa
1929 3165 1988 3243 3,
2035 3160 2246 3227 Lamo
2303 3182 2497 3248 papa
2550 3165 2610 3241 3,
2641 3168 2862 3229 etam.

794 3263 1069 3331 Urbano
1090 3286 1287 3353 papa,
1332 3268 1373 3331 3
1397 3290 1425 3345 ;
1470 3272 1530 3332 et
1560 3262 1642 3331 ds
1686 3260 2244 3331 mmorabililms
2286 3262 2700 3350 &movibus

781 3367 929 3433 suis
947 3367 1180 3455 factis.

264 3535 575 3657 m
604 3518 1123 3689 AE‘aefflsss
1182 3526 1702 3601 mm·
1737 3517 2704 3693 hesma,

600 3718 737 3768 tuor
771 3712 1174 3769 schismaticos
1187 3713 1208 3745 ⁹
1243 3705 1585 3791 antipapae
1637 3706 2016 3771 successive.
2132 3704 2428 3783 Quorum
2473 3713 2700 3785 primus
2723 3678 3034 3797 ffffrAllfif'

604 3804 743 3861 fecit
779 3822 841 3862 se
896 3806 1097 3863 vocari
1159 3846 1174 3862 .
1236 3847 1250 3862 .
1314 3849 1327 3864 .
1400 3806 1721 3874 Victorem,
1763 3806 2056 3865 secundus
2109 3808 2434 3876 Pascalem‚
2490 3806 2700 3864 tertius
2723 3825 2862 3875 Fom·
2881 3826 3012 3877 anfi-

2722 3906 2890 3959 popu.

666 4052 681 4081 ¹
716 4051 789 4101 εἰσ
824 4087 837 4103 .
873 4084 889 4100 .
928 4049 1210 4116 exaratum]
1265 4066 1349 4103 eas
1384 4086 1397 4100 .
1431 4086 1447 4103 .
1482 4064 1603 4103 exa·
1692 4049 1826 4113 MS„
1849 4050 1894 4103 is
1916 4066 1983 4100 an
2005 4049 2323 4117 abridgment
2354 4050 2416 4101 of
2441 4051 2525 4101 the
2546 4052 2698 4103 much

598 4138 745 4192 ratas,
766 4131 828 4181 Ρ.
1692 4129 1844 4181 fuller
1909 4129 2105 4193 history
2151 4131 2423 4194 preserved
2475 4144 2531 4181 as
2589 4131 2700 4181 first

663 4212 684 4242 ²
716 4212 815 4261 nisi
835 4210 1003 4277 sorte]
1042 4209 1141 4260 hoc
1174 4206 1487 4260 solummodo
1514 4225 1603 4261 ex·
1692 4209 1898 4261 written
1929 4208 1986 4259 in
2022 4208 2110 4258 the
2147 4208 2400 4273 Phillipps
2432 4208 2563 4270 MS„
2597 4211 2700 4260 and

601 4296 761 4355 cepto,
782 4290 899 4352 nisi,
922 4290 985 4343 P.
1692 4288 1880 4349 which,
1923 4288 2190 4351 therefore,
2247 4288 2404 4339 forms
2473 4288 2559 4341 the
2617 4305 2698 4341 re-

665 4370 687 4400 *
706 4368 944 4435 Brunby]
962 4366 1516 4435 anby-subWalds,
1538 4368 1599 4419 Ρ.
1691 4368 1920 4419 mainder
1939 4368 2000 4419 of
2030 4368 2117 4419 the
2139 4375 2251 4419 text
2284 4368 2366 4419 for
2396 4368 2501 4421 this
2533 4370 2698 4421 abbot.

666 4448 685 4477 ⁴
717 4446 940 4513 αόὂαείε]
976 4449 1201 4514 wanting
1221 4448 1277 4497 in
1296 4448 1358 4499 P.
1642 4461 1647 4545 1
1693 4446 1808 4497 The
1847 4446 2095 4514 abridged
2139 4448 2272 4497 form
2309 4447 2370 4497 of
2399 4448 2512 4501 MS.
2551 4448 2613 4501 Ε.
2653 4449 2698 4497 is

666 4528 687 4556 ⁸
720 4527 908 4592 noes-o]
948 4528 1176 4592 wanting
1197 4526 1251 4577 in
1272 4526 1336 4578 P.
1642 4571 1647 4618 Ι
1692 4528 1893 4591 printed
1909 4542 1964 4579 as
1986 4542 2052 4577 an
2073 4527 2367 4592 Appendix.

665 4606 686 4635 ⁸
718 4605 833 4659 The
868 4608 1149 4659 remaindcr
1184 4607 1247 4657 of
1272 4607 1361 4659 the
1395 4606 1603 4673 chapter
1640 4629 1647 4708 Ι
1759 4608 1781 4635 ’
1811 4605 2024 4659 Prinoed
2045 4606 2176 4657 stom
2197 4605 2286 4657 the
2307 4601 2560 4675 Phiuipp·
2583 4606 2696 4658 MS.

599 4686 701 4735 and
738 4684 799 4735 cf
832 4685 921 4739 the
958 4686 1213 4739 narrative
1250 4687 1411 4739 under
1448 4686 1602 4741 abbot
1641 4711 1646 4764 ξ
1758 4687 1782 4715 ⁸
1814 4684 2048 4750 vicitque]
2085 4684 2358 4751 superavit,
2377 4686 2438 4739 B.

598 4762 789 4830 Philip,
834 4780 891 4815 as
933 4764 1087 4831 given
1144 4765 1199 4814 in
1242 4765 1329 4817 the
1373 4765 1599 4831 Egel-ton
1761 4766 1782 4793 ⁹
1815 4763 2172 4830 schismaticos]
2213 4765 2514 4827 damaim,
2537 4764 2650 4817 MS.

950 4866 953 4871 ·
2294 4862 2350 4911 Π
2396 4850 2438 4911 2
