3519 5734
894 823 1024 892 286
1503 839 1781 892 mouns
1826 837 2043 892 mss
2087 839 2392 894 mnus.

549 1017 846 1070 A.D.1183
889 1015 952 1072 in
1003 1014 1427 1084 holocaustum,
1467 1021 1595 1074 orta
1647 1021 1742 1075 est
1789 1035 2007 1092 magna
2056 1017 2347 1076 dissensio
2394 1017 2555 1076 inter
2602 1016 2791 1076 dictos
2840 1019 2983 1076 duos

548 1089 608 1133 ’¹
621 1090 732 1138 ¹⁸9·
887 1117 1063 1172 reges
1127 1105 1190 1158 et
1245 1101 1542 1174 principes
1603 1119 1779 1170 suos;
1844 1103 1999 1159 unde
2060 1107 2183 1161 tota
2234 1104 2341 1159 illa
2393 1101 2647 1175 pecunia
2702 1102 2987 1160 violenter

547 1163 584 1213 f·
611 1169 692 1215 28.
887 1183 1136 1242 collecta
1185 1183 1250 1240 in
1298 1184 1588 1244 donativis
1643 1185 1908 1244 militum
1967 1193 2029 1244 et
2078 1187 2370 1244 exercitus
2421 1186 2659 1260 penitus
2713 1193 2807 1244 est
2856 1205 2984 1244 con-

887 1273 1142 1341 sumpta.
1215 1269 1374 1326 Nam
1407 1275 1796 1342 utrorumque
1832 1271 2145 1338 exercitus,
2186 1271 2261 1328 ad
2293 1289 2558 1343 pugnam
2611 1288 2720 1343 per
2752 1272 2913 1329 vices
2944 1271 2981 1326 4

885 1359 1181 1422 evocatus,
1219 1353 1536 1411 maximam
1589 1359 1852 1427 stragem
1886 1355 2191 1411 hominum
2240 1354 2825 1428 depraedationesque
2860 1355 2977 1412 ani-

883 1435 1148 1506 malium,
1209 1436 1490 1495 incendia‘
1551 1437 2063 1512 desolationesque
2135 1439 2541 1507 ecclesiarum,
2614 1439 2855 1496 urbium
2924 1445 2982 1496 et

547 1528 792 1579 Reverses
882 1521 1179 1589 villarum,
1219 1528 1282 1579 et
1316 1522 1730 1580 subversiones
1778 1523 2158 1580 castellorum
2195 1529 2472 1596 operatus
2507 1527 2621 1581 est.
2691 1525 2855 1580 Tunc
2887 1524 2980 1580 hic

547 1596 648 1645 aud
668 1595 818 1645 death
882 1623 988 1662 rex
1038 1608 1355 1672 Hem-icus,
1401 1607 1504 1679 qui
1552 1623 1853 1679 nunquam
1901 1605 2070 1680 prius
2124 1605 2355 1679 aliquid
2402 1607 2701 1674 amiserat,
2759 1625 2795 1664 a
2844 1607 2979 1662 filiis

545 1662 802 1780 ‹genem-y
883 1691 1137 1762 propriis
1189 1690 1405 1763 saepius
1453 1691 1859 1764 impugnatus,
1914 1691 2146 1748 ultimis
2202 1693 2328 1750 suis
2379 1692 2414 1747 5
2468 1693 2656 1760 annis,
2695 1691 2982 1748 Hibernia

881 1774 1219 1841 rebellante,
1279 1773 1644 1842 Alverniam,
1717 1775 2070 1843 Bituricam,
2134 1775 2593 1834 cenomanniam
2651 1781 2713 1832 et
2761 1777 2977 1832 Thuro-

879 1874 1110 1925 nenses,
1157 1863 1298 1914 ‘cum
1356 1858 1732 1916 comitatibus
1792 1865 1855 1916 et
1912 1859 2174 1916 castellis
2234 1859 2461 1926 multis,
2518 1864 2723 1916 contra
2779 1877 2979 1932 regem

879 1941 1143 1998 Franciae
1176 1939 1438 2014 perdidit
1471 1945 1534 1998 et
1567 1958 1633 1997 se
1665 1941 1900 2014 ipsum=
1943 1943 2047 2015 qui
2100 1943 2176 1999 de
2228 1944 2375 1999 urbe
2413 1942 2845 2001 Oenomannica
2876 1961 2980 2015 per

878 2025 1220 2097 Philippum
1253 2043 1458 2096 regem
1493 2025 1759 2082 Franciae
1801 2032 1863 2083 et
1896 2027 2221 2084 Ricardum
2276 2027 2465 2083 filium
2510 2046 2685 2084 suum
2719 2028 2977 2100 fugatae,

877 2109 1034 2180 apud
1069 2109 1434 2166 chinonense
1466 2113 1744 2176 castrum,
1772 2127 1909 2167 cum
1942 2117 2252 2183 regnasset
2287 2111 2455 2168 annis
2480 2111 2570 2177 34,
2599 2111 2899 2167 mensibus
2922 2113 2977 2178 6,

877 2198 938 2248 et
972 2193 1178 2250 diebus
1215 2193 1303 2261 18,
1342 2193 1651 2261 decadem,
1689 2194 1753 2250 in
1787 2195 1965 2251 choro
2002 2195 2344 2251 monialium
2381 2195 2585 2252 Fontis
2620 2195 2881 2250 Ebraudi
2918 2195 2980 2250 in

875 2277 1238 2334 Normannia
1285 2277 1552 2350 sepultus
1589 2282 1699 2334 est.
1773 2278 1973 2334 Abbas
2013 2278 2052 2333 J
2055 2279 2284 2335 oachim
2333 2279 2533 2335 floruit
2567 2279 2631 2334 in
2666 2279 2977 2347 Calabria;

880 2361 985 2434 qui
1017 2361 1199 2420 libros
1221 2363 1421 2436 plures
1445 2379 1626 2435 super
1645 2359 2050 2436 Apocalipsim
2073 2368 2135 2422 et
2156 2362 2233 2420 de
2254 2360 2537 2420 oneribus
2560 2363 2980 2437 prophetarum

879 2445 1245 2521 conscripsit.

876 2743 1054 2806 Vm.
1106 2745 1193 2802 De
1249 2743 1600 2803 coronatione
1653 2743 1804 2818 reqis
1838 2741 2102 2810 Rakarfflz,
2143 2741 2536 2817 captivat-wne,
2574 2745 2626 2798 et
2659 2739 2802 2797 aliis
2836 2741 2976 2796 actis

1017 2830 1142 2902 ejus
1192 2833 1244 2886 et
1295 2831 1662 2933 incidemiim
1720 2847 1790 2889 ac
1844 2827 2193 2888 libertatibus
2244 2827 2575 2887 mometm'o
2633 2829 2823 2886 nostro
2878 2843 2977 2899 per

1015 2934 1143 2972 eam
1176 2932 1470 2973 concessos.

540 3079 680 3131 ΑΒ.
708 3084 832 3136 1189
943 3072 1089 3132 Post
1120 3078 1372 3133 mortem
1417 3074 1582 3149 regis
1619 3073 1887 3143 Henrici,
1926 3072 2218 3131 Ricardus
2254 3071 2415 3130 filius
2469 3089 2611 3129 suus
2664 3076 2977 3129 coronatur

539 3153 723 3200 4196.
871 3160 936 3216 in
979 3178 1203 3233 regem.
1277 3162 1352 3217 In
1404 3161 1574 3233 cujus
1625 3160 1995 3217 coronatione
2028 3157 2123 3215 *et
2156 3156 2393 3229 postea'
2428 3156 2645 3223 Judoei,
2687 3156 2827 3229 quia
2860 3156 2977 3211 Do-

538 3226 798 3282 M⁸⁸⁸⁸⁰¹¹0
870 3245 1098 3300 minum
1133 3251 1401 3303 nostrum
1436 3246 1477 3300 J
1479 3264 1648 3303 esum
1683 3244 1990 3302 Christum
2028 3249 2251 3301 secrete
2302 3248 2365 3298 et
2398 3242 2635 3314 publice
2672 3244 2977 3312 ooeperunt

539 3293 694 3410 ἓξὲξ
711 3296 851 3418 ’ζᾝ
869 3329 1297 3402 blasphemare,
1360 3329 1498 3385 fidei
1557 3334 1777 3387 nostrae
1837 3332 1899 3387 et
1958 3327 2359 3403 sacramentis·
2400 3325 2597 3398 palam
2667 3324 2971 3396 derogare,

678 3376 714 3429 g
872 3413 1236 3471 Christianos
1297 3413 1584 3486 quosdam
1644 3412 1810 3470 cruci
1870 3412 2130 3485 affigere,
2186 3410 2509 3483 pluresque
2564 3408 2854 3464 nobilium
2902 3407 2975 3463 ad

872 3514 1162 3555 summam
1219 3502 1547 3570 egestatem
1617 3495 1919 3554 distractis
1988 3494 2361 3568 patrimoniis
2432 3510 2540 3566 per
2610 3492 2975 3549 occasionem

872 3580 914 3637 J
913 3580 1108 3637 udaiei
1157 3580 1399 3638 foeneris
1451 3581 1713 3637 fecerant
1763 3582 2095 3653 pervenire,
2149 3578 2307 3651 apud
2356 3575 2710 3643 Londonias,
2749 3576 2977 3633 Norwi-

871 3680 1024 3730 cum,
1075 3663 1344 3731 Linnam,
1397 3664 1818 3732 stanfordiam,
1857 3664 2189 3721 Eboracum
2237 3668 2299 3719 et
2345 3662 2465 3717 alia
2515 3662 2646 3717 loca
2696 3660 2970 3733 plurima,

870 3748 1262 3816 necabantur;
1319 3752 1395 3817 et,
1451 3751 1610 3822 apud
1661 3749 2012 3816 Eboracum,
2053 3765 2205 3806 cccc.
2247 3752 2309 3803 et
2356 3744 2613 3817 amplius
2668 3744 2707 3799 J
2708 3744 2865 3801 udaei
2912 3745 2973 3799 in

870 3838 1063 3889 castro
1098 3833 1342 3899 obsessi,
1382 3833 1661 3907 projectis
1711 3832 1982 3905 pecuniis
2018 3832 2083 3887 in
2133 3848 2288 3903 aqua
2323 3830 2670 3896 coenulenta,
2712 3846 2777 3885 se
2812 3828 2973 3900 ipsos

538 3912 777 3969 Crusade.
869 3918 1228 3975 occiderunt.
1301 3918 1614 3991 Philippus
1668 3934 1777 3975 rex
1828 3915 2094 3973 Franeiae
2148 3921 2210 3972 et
2256 3914 2547 3971 Ricardus
2600 3930 2707 3969 rex
2739 3912 2975 3984 Angliae

868 4004 982 4060 iter
1041 4000 1591 4061 Ierosolomitanum
1660 4002 2138 4076 aggrediuntur3
2218 3998 2341 4068 sed,
2404 3998 2772 4073 praecedente
2830 4011 2974 4069 rege

537 4082 668 4162 Acts
689 4086 753 4136 of
867 4088 1152 4156 Franciae,
1189 4104 1296 4145 rex
1328 4087 1641 4154 Ricardus,
1678 4087 1849 4160 prius
1886 4090 2126 4161 accepto
2159 4083 2437 4157 homagio
2466 4082 2777 4143 willielmi
2810 4081 2975 4152 regis

537 4150 766 4203 Rnchard
785 4153 829 4205 Ῑ·
870 4174 1102 4241 Scotioe,
1157 4190 1427 4245 sequens,
1468 4172 1644 4229 Isaak
1692 4188 1900 4243 regem
1949 4170 2264 4242 Ciprorum
2312 4169 2377 4224 in
2424 4172 2586 4225 terra
2636 4184 2745 4223 sua
2793 4167 2969 4237 cepit,

866 4264 1058 4315 totum
1093 4258 1340 4330 inrum
1387 4256 1504 4315 sibi
1557 4254 1920 4329 subjugavit,
1958 4254 2183 4311 ibidem
2234 4254 2452 4310 iterum
2501 4256 2809 4308 coronatus
2860 4255 2971 4316 est,

867 4346 930 4398 et
979 4342 1116 4397 inde
1174 4341 1454 4397 recedens
1505 4340 1690 4396 alium
1741 4354 1949 4411 regem
2001 4336 2263 4394 instituit
2315 4337 2380 4392 in
2432 4335 2657 4392 eadem.
2744 4334 2972 4404 Regem

866 4426 1130 4483 Franoioe
1166 4425 1230 4480 in
1269 4426 1570 4483 obsidione
1606 4424 1779 4481 Acras
1815 4427 2275 4481 commorantem
2311 4420 2479 4478 adiit.
2552 4419 2773 4475 Acram
2808 4418 2975 4474 obse-

867 4510 998 4579 dit3
1065 4508 1333 4582 jaculum
1391 4508 1673 4565 emissum
1737 4508 1813 4564 de
1872 4507 2029 4564 turri
2088 4524 2269 4579 quam
2338 4504 2668 4570 obsederat,
2731 4502 2796 4558 in
2854 4518 2971 4573 quo

865 4594 1093 4652 Latinis
1128 4594 1344 4649 litteris
1381 4594 1668 4665 scriptum
1704 4597 1851 4659 erat,
1896 4595 1934 4621 “
1956 4592 2031 4647 In
2079 4592 2317 4648 nomine
2372 4588 2570 4647 Patris
2620 4595 2683 4644 et
2729 4586 2874 4642 Filii
2910 4595 2973 4642 et

867 4682 910 4709 “
949 4678 1210 4752 Spiritus
1253 4676 1470 4745 Sancti,
1509 4676 1765 4744 Amen,”
1800 4682 2111 4749 totumque
2148 4673 2463 4733 consilium
2498 4672 2873 4730 obsessorum
2906 4670 2972 4726 in

863 4781 933 4822 eo
981 4762 1204 4837 pariter
1253 4761 1652 4834 conscriptum
1701 4765 1849 4832 erat,
1901 4759 2170 4834 accepit3
2223 4759 2528 4820 civitatem
2579 4756 2810 4831 primus
2862 4770 2971 4829 per
