3519 5734
1153 851 1432 905 'mom
1474 849 1690 904 Anms
1733 851 2041 904 mnus,
2520 835 2649 900 285

1215 1596 2024 1678 APPENDIX.

685 1979 872 2053 Cujus
933 1979 1172 2053 quidem
1231 1979 1458 2036 abbatis
1517 1982 1800 2052 tempore,
1862 1976 2136 2036 Urbanus
2194 1995 2346 2052 papa
2404 1981 2457 2046 3,
2522 1979 2665 2037 Grc-
2688 1981 2825 2033 AJ).
2852 1987 2980 2032 1183

571 2065 776 2136 gorius
836 2081 988 2137 papa
1043 2065 1101 2132 8,
1165 2063 1438 2121 Clemens
1496 2081 1651 2136 papa
1716 2065 1771 2129 3,
1830 2061 2185 2119 Ooelestinus
2243 2080 2396 2136 papa
2452 2065 2663 2121 tertius
2687 2054 2868 2100 *¹¹⁸⁹-

571 2151 770 2205 sedem
805 2150 1184 2222 apostolicam
1219 2150 1640 2221 gubernarunt.
1717 2146 1904 2220 Cujus
1938 2153 2219 2220 tempore,
2256 2167 2405 2206 anno
2428 2149 2666 2206 Domini
2690 2128 2893 2245 ξ’ῗὲοξξ

571 2233 730 2300 1183,
769 2234 992 2290 factum
1043 2234 1159 2289 fuit
1201 2232 1427 2289 bellum
1473 2232 1902 2304 permaximum
1951 2233 2015 2286 in
2049 2232 2232 2288 Terra
2268 2233 2501 2300 Sancta,
2538 2235 2662 2300 ubi,
2736 2211 2765 2245 ⁸
2880 2210 2961 2245 π’

569 2317 896 2388 proditione
948 2317 1256 2390 cujusdam
1305 2317 1538 2373 comitis
1585 2315 1957 2387 Tripolitani,
1997 2315 2319 2388 Templarii
2354 2323 2415 2374 et
2449 2318 2665 2390 Hospi-

569 2401 766 2456 talarii
802 2419 938 2458 cum
971 2407 1098 2458 toto
1142 2401 1406 2457 exercitu
1441 2398 1913 2456 Christianorum
1960 2399 2104 2455 victi
2140 2404 2279 2456 sunt
2311 2405 2373 2456 et
2406 2401 2585 2457 occisi
2632 2418 2669 2456 a

574 2483 869 2551 SaladinO,
909 2485 1013 2556 qui
1048 2502 1234 2556 regna
1266 2483 1532 2538 Arabum
1583 2487 1644 2538 et
1688 2481 2133 2537 Babiloniorum
2186 2485 2571 2556 conquisivit3
2610 2491 2669 2540 et

573 2573 775 2624 sancta
825 2585 970 2624 crux
1004 2567 1242 2623 Domini
1296 2571 1466 2638 capta
1517 2565 1636 2620 fuit
1682 2565 1746 2620 in
1795 2564 2001 2620 eodem
2056 2565 2227 2622 bello.
2302 2566 2473 2622 Unde
2526 2584 2669 2639 ergo

572 2651 824 2723 contigit
859 2651 1018 2723 quod
1041 2649 1423 2722 Ierosolyma,
1449 2646 1834 2704 Tholomaida
1869 2665 2001 2720 quoe
2036 2654 2129 2705 est
2161 2649 2335 2715 Aera,
2358 2649 2667 2716 Ascalona,

575 2735 616 2789 J
619 2751 825 2806 oppon,
884 2734 1163 2800 Caesar-ia,
1205 2733 1466 2798 Sidonia,
1505 2732 1825 2798 Nazareth,
1865 2732 2167 2805 Neapolis,
2223 2735 2555 2802 Tiberiada,
2612 2741 2673 2793 et

572 2818 820 2892 reliquae
856 2818 1128 2877 civitates
1165 2822 1226 2895 et
1261 2816 1505 2875 castella
1539 2817 1721 2874 totius
1759 2817 1801 2872 J
1802 2816 2005 2884 udaeoe,
2045 2817 2119 2873 ab
2153 2818 2359 2875 eodem
2396 2819 2671 2877 Saladino

571 2908 742 2976 capta
795 2908 949 2968 sunt,
1004 2907 1222 2975 praeter
1257 2902 1484 2967 Titum,
1535 2901 1825 2973 Tripolim
1872 2906 1934 2957 et
1983 2902 2379 2980 Antiochiam,
2436 2910 2498 2961 et
2544 2906 2669 2962 fere

571 2992 695 3043 tota
746 2986 1160 3043 christianitas
1212 2986 1275 3041 in
1335 2986 1457 3042 illis
1508 2985 1778 3057 partibus
1832 2990 1923 3042 est
1980 2986 2190 3045 deleta.
2283 2988 2458 3046 Circa
2514 2991 2671 3062 quod
2695 2993 2897 3061 Eelipse
2918 2994 2979 3045 of

570 3075 802 3143 tempus
841 3070 929 3127 sol
981 3071 1330 3127 obscuratus
1384 3074 1477 3125 est
1527 3086 1737 3141 parum
1788 3073 1923 3124 ante
1958 3069 2163 3125 horam
2207 3089 2437 3141 nonam,
2476 3078 2537 3131 et
2569 3075 2673 3131 diu
2694 3062 2781 3115 ΨΘ
2803 3077 2915 3113 ⁸⁸¹²·

568 3162 704 3227 post
736 3172 950 3211 nonam
984 3154 1048 3209 in
1082 3148 1288 3210 eode'm
1337 3158 1496 3211 statu
1543 3154 1887 3225 permansit.
1963 3152 2042 3209 Et
2087 3154 2244 3210 infra
2276 3156 2456 3223 breve
2494 3158 2533 3213 J
2536 3176 2670 3215 esus

572 3239 844 3295 Christus
878 3237 1200 3295 visibiliter
1234 3237 1511 3310 apparuit
1546 3238 1611 3292 in
1646 3252 1783 3293 aere
1820 3253 1995 3294 cruce
2030 3238 2290 3310 pendens
2326 3240 2484 3313 apud
2510 3242 2673 3297 Dun-

571 3323 864 3395 stapulam
899 3322 962 3377 in
995 3320 1236 3392 Anglia,
1275 3320 1612 3377 videntibus
1647 3320 1875 3375 multis.

641 3406 871 3471 Postea,
922 3404 1201 3461 Eraclius'
1254 3404 1592 3477 patriarcha
1637 3402 2183 3471 Ierosolomitanus,
2244 3406 2464 3479 ubique
2522 3426 2669 3482 proe-
2695 3404 2979 3471 Pmching

572 3490 794 3557 dicans,
834 3489 1220 3546 Prodericum
1264 3489 1702 3561 imperatorem,
1753 3487 2099 3559 Philippum
2144 3506 2349 3561 regem
2385 3490 2669 3561 Franciae,
2697 3473 2802 3590 3ξέ
2824 3488 2939 3523 ⁰¹⁹⁰·

571 3574 900 3629 Hem-icum
968 3590 1174 3643 regem
1233 3570 1470 3644 Angliae
1530 3576 1592 3628 et
1650 3572 1819 3639 alios,
1875 3572 1951 3627 ad
2009 3573 2418 3630 liberationem
2474 3576 2672 3633 'ren-m
2790 3554 2837 3591 θ’

578 3657 810 3714 Sanctae
846 3656 1209 3729 provocavit.
1284 3655 1639 3712 Fredericus
1690 3673 1834 3727 ergo
1887 3656 2203 3729 imperator
2247 3657 2394 3715 illuc
2426 3661 2674 3718 tendens

572 3742 871 3797 sultanum
906 3740 980 3796 de
1001 3740 1229 3796 Yconio
1265 3739 1341 3794 ad
1376 3739 1552 3795 fidem
1588 3740 1935 3796 catholicam
1970 3758 2106 3795 cum
2140 3742 2448 3815 innumera
2480 3747 2675 3817 gentis

574 3844 696 3882 suae
749 3823 1128 3881 multitudine
1181 3825 1492 3891 convertit,
1532 3830 1594 3881 et
1627 3829 1763 3895 post
1796 3824 2161 3881 innumeram
2200 3832 2461 3900 stragem
2496 3848 2673 3903 paga-

573 3926 782 3966 norum
818 3913 880 3964 et
914 3907 1218 3964 civitatum
1253 3908 1582 3979 captionem
1629 3912 1816 3963 morte
1863 3908 2161 3980 inopinata
2192 3920 2525 3984 praeyentus
2561 3922 2670 3970 est.

574 3993 762 4065 Cujus
799 3992 959 4048 filius
995 3992 1058 4047 in
1093 3991 1416 4065 obsidendo
1451 3990 1895 4047 Tholomaidam
1929 3992 2237 4050 defunctus
2274 4001 2397 4063 est3
2436 4004 2675 4070 totaque

573 4076 848 4134 nobilitas
880 4074 1173 4131 exercitus
1209 4076 1339 4147 ejus
1375 4075 1595 4130 ibidem
1630 4074 1883 4132 obiebat.
1946 4076 2142 4149 Reges
2178 4085 2377 4136 autem
2411 4082 2675 4139 Franciae

572 4168 634 4218 et
690 4160 947 4233 Angliae,
1001 4176 1139 4215 cum
1188 4159 1323 4215 aliis
1383 4159 1607 4224 multis,
1661 4176 1837 4215 cruce
1887 4159 2105 4232 signati
2154 4162 2559 4221 Ierosolimam
2611 4184 2675 4222 sc

570 4248 906 4317 praeparant
955 4240 1268 4316 proficisci.
1363 4242 1442 4297 Et
1495 4258 1632 4295 cum
1683 4242 1804 4313 ipsi
1857 4244 2285 4313 possessionem
2334 4254 2457 4305 tam
2506 4249 2676 4305 cleri-

574 4347 778 4385 corum
831 4345 1007 4401 quam
1057 4326 1344 4383 laicorum
1402 4324 1662 4380 violenta
1719 4343 1898 4382 manu
1958 4327 2351 4389 decimassent
2408 4332 2483 4389 ad
2542 4352 2675 4391 con-

575 4412 889 4469 ficiendum
923 4413 1039 4483 iter
1074 4428 1268 4483 suum,
1296 4410 1459 4482 justo
1483 4408 1596 4465 Dei
1625 4408 1855 4480 judicio
1890 4410 1993 4482 qui
2030 4412 2162 4469 odio
2199 4414 2375 4472 habet
2408 4418 2673 4490 rapinam

643 4679 659 4709 ¹
695 4678 822 4811 {art
870 4677 932 4729 of
967 4676 1187 4743 Chapter
1230 4676 1353 4730 VII.
1399 4678 1462 4731 of
1500 4678 1586 4730 the
1622 4678 1853 4747 Eget-ton
1886 4677 2001 4735 MS.
2070 4682 2167 4737 see
2193 4686 2367 4748 above,
2401 4700 2533 4755 page
2561 4693 2673 4751 134,

577 4766 694 4811 note
752 4795 765 4810 .
