3519 5734
791 785 920 847 250
1389 794 1668 846 ‘mom
1712 793 1929 845 Annas
1968 794 2279 845 Tannus.

458 978 598 1029 A.D.
619 984 765 1031 1190.
788 973 990 1029 fratris
1027 972 1120 1029 sui
1158 970 1412 1027 Galfridi
1433 969 1823 1026 Eboracensis
1848 968 2275 1042 archiepiscopi
2290 967 2309 1001 ¹
2343 969 2599 1025 multum
2634 986 2888 1025 commo-

787 1062 904 1120 tus,
943 1056 1147 1111 accitis
1183 1054 1258 1109 ad
1293 1072 1358 1109 se
1393 1053 1466 1109 de
1501 1054 1626 1109 suis
1661 1053 1981 1125 provinciis
2030 1060 2091 1109 et
2138 1072 2210 1109 ex
2244 1053 2643 1110 wallensibus
2682 1053 2889 1125 ingen-

791 1141 950 1197 tibus
987 1140 1172 1212 copiis
1207 1157 1344 1194 cum
1377 1138 1674 1193 nonnullis
1711 1138 2023 1209 episcopis,
2062 1136 2467 1193 communem²
2502 1144 2818 1208 tyrannum
2852 1155 2891 1193 a

792 1224 1196 1296 Wyndeshore
1231 1239 1420 1293 usque
1455 1222 1670 1277 turrim
1701 1220 2171 1277 Londoniensem
2206 1226 2268 1277 et
2300 1221 2435 1276 inde
2470 1239 2660 1291 usque
2696 1220 2891 1277 Dovo-

463 1325 582 1375 who
602 1324 648 1374 is
671 1324 750 1373 ill·
789 1319 941 1372 riam
998 1316 1358 1387 profugavit.
1431 1313 1552 1370 Ubi
1597 1313 1813 1369 timens
1862 1313 1977 1369 sibi
2024 1313 2380 1369 Willielmus
2424 1305 2765 1392 episcopus
2814 1333 2893 1371 ne

463 1391 764 1522 ἓξὲᾙέἒε
791 1438 906 1474 non
939 1417 1126 1473 libere
1162 1421 1364 1488 posset
1411 1414 1793 1470 transfretare
1833 1454 1847 1469 .
1890 1455 1905 1469 .
1950 1456 1964 1469 .
2004 1414 2436 1487 pontificalibus
2482 1406 2618 1471 suis
2662 1420 2889 1471 vestem

463 1531 517 1574 to
539 1539 717 1589 escape
795 1508 1164 1582 superinduit
1209 1506 1579 1571 muliebrem,
1635 1511 1927 1577 caputque
1986 1512 2047 1561 et
2094 1508 2379 1578 majorem
2430 1510 2603 1564 faciei
2656 1513 2890 1581 partem

461 1596 518 1641 at
538 1590 727 1641 Dover·
791 1596 965 1668 peplo
977 1594 1002 1627 ⁸
1023 1592 1482 1649 circumvolutus
1517 1589 1929 1645 deambulabat
1948 1591 2013 1645 in
2033 1591 2250 1657 littore,
2278 1592 2426 1648 laevo
2447 1594 2689 1649 brachio
2710 1593 2893 1648 telam

793 1680 1010 1734 lineam
1059 1683 1341 1747 tanquam
1389 1675 1674 1738 venalem,
1727 1674 1930 1729 ulnam
1964 1692 2105 1729 vero
2152 1692 2329 1729 manu
2378 1676 2632 1742 dextera,
2671 1678 2888 1745 ferens,

797 1770 864 1818 ut
915 1762 980 1817 in
1026 1761 1137 1815 hac
1194 1764 1364 1831 parte
1415 1776 1532 1813 non
1580 1758 1982 1815 consideratus
2034 1740 2264 1815 f'acilius
2312 1762 2737 1818 transfretaret.
2810 1763 2895 1821 At

797 1848 941 1902 dum
975 1846 1156 1901 telam
1207 1862 1375 1899 suam
1423 1860 1587 1897 more
1623 1844 1897 1897 foemineo
1950 1842 2277 1899 dista-ahere
2328 1848 2600 1912 nesciret,
2655 1866 2765 1920 per
2796 1866 2897 1904 ve·

466 1944 548 1993 He
570 1944 737 1992 leaves
797 1939 979 1994 reuda
1035 1934 1459 1992 contractatus⁴
1499 1935 1889 2007 ignominiose
1950 1935 2215 1991 detectus
2275 1944 2383 1993 est.
2484 1940 2624 2011 Ipso
2668 1938 2898 1999 tamen

465 2009 728 2126 {1225ng
797 2030 1034 2087 tandem
1071 2029 1436 2099 enavigante‚
1491 2028 1664 2099 regni
1713 2026 2146 2083 administratio
2194 2028 2656 2102 Rothomagensi
2706 2035 2897 2089 archi·

465 2142 553 2192 the
567 2111 781 2207 g’ovem„
801 2116 1090 2187 episcop0‚
1130 2130 1272 2183 rege
1332 2112 1406 2167 de
1466 2112 1679 2167 Cicilia
1737 2111 1825 2166 sio
1882 2110 2211 2176 mand'ante,
2251 2116 2566 2171 commissa
2619 2124 2711 2174 est
2763 2160 2779 2173 .
2820 2158 2839 2173 .
2882 2157 2899 2172 .

467 2214 608 2259 ment
629 2208 674 2257 is
799 2206 1156 2262 willielmus
1201 2217 1358 2262 Vero
1419 2202 1676 2258 Eliensis
1732 2202 2121 2258 fortissimum
2172 2204 2364 2261 adhuc
2387 2205 2408 2237 ⁵
2456 2210 2812 2281 rescriptum
2864 2229 2901 2265 a

461 2274 698 2393 3²32&
801 2317 952 2373 papa
989 2297 1307 2353 Coelestino
1356 2295 1714 2368 impetravit,
1752 2296 2002 2351 redditis
2054 2294 2169 2351 sibi
2220 2298 2487 2368 pristinis
2522 2300 2861 2372 apostolicis
2882 2300 2903 2334 ⁶

469 2408 773 2469 mhbishop
800 2392 1050 2457 vicibus,
1091 2391 1261 2463 quasi
1295 2408 1404 2463 pro
1436 2388 1799 2443 meliorando
1832 2387 2072 2459 Angliae
2106 2406 2291 2460 reg-no
2334 2397 2394 2445 et
2431 2391 2470 2444 J
2472 2392 2695 2447 ohanne
2731 2384 2901 2471 regis

465 2474 530 2526 Οἳ
543 2474 736 2524 R⁰⁰e¹¹·
801 2486 1002 2549 fratre
1047 2489 1384 2554 coercendo,
1447 2487 1552 2559 qui
1609 2487 1686 2542 ad
1741 2504 1995 2559 regnum
2054 2488 2257 2543 fratris
2318 2490 2576 2547 absentis
2637 2493 2901 2563 aspirare

470 2552 764 2671 {4035ng
801 2587 1128 2642 videbatur.
1223 2582 1342 2638 Sed
1399 2586 1461 2636 et
1517 2580 1580 2635 in
1629 2579 1747 2635 hiis
1802 2580 2139 2644 frustratus,
2197 2579 2351 2635 datis
2404 2584 2749 2640 muneribus
2799 2590 2905 2641 aut

470 2686 557 2736 the
577 2686 758 2749 bishop
803 2671 1011 2725 saltem
1048 2666 1218 2722 factis
1267 2664 1593 2737 promissis,
1645 2680 1781 2718 cum
1830 2664 1869 2717 J
1872 2664 2095 2719 ohanne
2144 2663 2397 2720 collusit.
2494 2666 2612 2722 Sed
2646 2668 2899 2725 frusta-a:

469 2752 534 2801 of
547 2752 662 2816 Ely.
801 2772 955 2816 nam,
993 2752 1136 2805 licet
1168 2748 1324 2820 apud
1359 2747 1675 2803 Dovoriam
1711 2748 1927 2803 erectis
1962 2747 2275 2818 legationis
2312 2766 2437 2803 suae
2468 2750 2748 2821 insigniis
2777 2752 2905 2825 jam

803 2836 1203 2908 applicuisset,
1258 2832 1467 2902 regina
1498 2829 1779 2886 Alienora
1831 2836 1893 2886 et
1940 2832 2365 2905 archiepiscopi
2416 2832 2906 2908 Rothomagensis

807 2929 868 2976 et
901 2917 1285 2974 Eboracensis
1321 2933 1457 2970 cum
1493 2914 1626 2970 aliis
1661 2915 1869 2971 multis
1916 2915 2115 2987 ipsum
2164 2918 2513 2990 renavigare
2560 2928 2900 2991 coegerunt.

477 3020 719 3069 Pei-secu·
807 3012 965 3066 Dum
1001 3007 1223 3066 autem
1267 2997 1538 3064 interim
1579 3025 1756 3078 reges
1792 3005 2027 3078 Angliae
2080 3014 2144 3064 et
2192 3009 2477 3076 Francius,
2532 3017 2667 3083 post
2713 3013 2907 3068 firma-
2930 3021 2993 3073 R.
3010 3008 3255 3088 'Higdem

471 3086 582 3136 ‘¹⁰¹¹
605 3086 666 3136 ⁰f
678 3086 766 3136 ‘¹²⁰
809 3112 936 3161 tum
972 3105 1126 3160 inter
1163 3120 1228 3158 se
1276 3101 1488 3165 foedus‚
1528 3101 1685 3172 apud
1731 3101 1993 3156 Turones
2044 3100 2253 3158 G-alliae
2304 3109 2569 3160 aestatem
2619 3103 2696 3158 ad
2730 3105 2905 3176 profi·
2930 3089 3027 3139 0⁰¹·
3050 3095 3209 3143 ²4⁰²·

475 3152 632 3283 ἐξὲξ,
641 3153 788 3284 igme
811 3189 1148 3244 ciscendum
1183 3189 1572 3257 expectarent,
1613 3184 1775 3238 zelus
1830 3183 2298 3242 Christianorum
2346 3187 2627 3243 adversus
2666 3188 2707 3243 J
2708 3187 2905 3244 udaeos

473 3286 540 3334 of
563 3285 700 3351 Eng.
811 3273 874 3327 in
905 3272 1128 3344 Anglia
1159 3269 1494 3341 respiravit.
1578 3268 1715 3322 Non
1766 3267 2003 3338 quidem
2054 3269 2297 3334 sincere,
2339 3271 2401 3324 id
2435 3276 2526 3326 est
2560 3289 2738 3328 causa
2770 3273 2909 3327 fidei

477 3352 610 3402 ¹²⁸⁶·
810 3363 1091 3436 tantum,
1142 3362 1247 3419 sed
1299 3377 1504 3416 eorum
1550 3360 1650 3416 vel
1699 3359 2029 3416 aemulando
2082 3361 2426 3418 felicitatem
2480 3365 2578 3419 vel
2629 3364 2910 3420 inhiando

810 3467 1088 3530 fortunae3
1127 3463 1242 3517 Dei
1277 3461 1517 3533 quidem
1545 3460 1782 3532 justitia
1813 3460 1957 3516 talia
1989 3461 2231 3516 minime
2266 3463 2639 3534 approbante.
2734 3457 2801 3520 N
2802 3479 2911 3521 am

813 3557 992 3643 apud
1057 3556 1360 3634 Linnam,
1429 3551 1857 3628 Lincolniam,
1920 3552 1989 3617 N
1989 3553 2323 3635 orwicum‚
2390 3555 2708 3622 Sanctum
2774 3557 2913 3623 Ed-

813 3657 1152 3733 mundum‚
1203 3655 1651 3721 Stanfordiam
1698 3658 1767 3718 et
1811 3653 1941 3717 alia
1983 3654 2246 3719 diversa
2291 3657 2594 3724 civitates
2640 3665 2710 3724 et
2754 3660 2911 3738 loca,

815 3759 1081 3847 plurimi
1140 3759 1186 3823 J
1193 3760 1528 3824 udaeorum
1593 3756 2019 3821 necabantur.
2114 3757 2254 3823 Alii
2315 3759 2582 3845 quidem
2642 3761 2914 3827 fuerunt

816 3861 1083 3949 spoliati
1129 3868 1328 3946 atque
1373 3860 1489 3924 alii
1534 3857 1826 3944 effugati.
1943 3866 2061 3922 Sed
2109 3869 2267 3939 apud
2322 3870 2644 3936 &susm-th,
2702 3873 2911 3929 occisis
2935 3869 3159 3924 Ibidem.

817 3971 918 4020 aut
969 3964 1236 4036 expilatis
1292 3963 1333 4017 J
1335 3962 1537 4026 udaeis,
1595 3961 1634 4014 J
1636 3961 1891 4015 ohannes
1943 3959 2182 4032 quidam
2232 3963 2657 4019 audacissimus
2713 3964 2912 4022 Chris·

816 4049 1010 4104 tianus
1037 4067 1170 4104 cum
1194 4047 1396 4102 multis
1423 4046 1624 4118 spoliis
1651 4045 2137 4100 Northumbriam
2154 4043 2177 4084 ⁷
2201 4044 2457 4111 divertit,
2486 4049 2589 4102 ubi
2608 4055 2669 4104 et
2690 4050 2913 4104 ambitu

815 4133 1076 4205 pecuniae
1113 4132 1320 4187 ablatoe
1354 4131 1606 4185 latenter
1640 4129 1867 4185 occisus
1904 4135 1996 4185 est
2030 4130 2102 4185 ab
2137 4131 2367 4203 hospite
2404 4151 2545 4199 suo;
2588 4151 2915 4204 corpusque

891 4316 902 4342 ¹
938 4309 1318 4376 archiepiscopi]
1357 4308 1520 4369 electi,
1541 4309 1604 4358 R.
1627 4307 1695 4358 H.
1980 4311 2002 4339 ⁰
2034 4307 2336 4376 apostolicis]
2414 4312 2703 4375 apostolieae
2768 4314 2919 4376 sedis,

886 4391 907 4420 ¹
939 4387 1244 4452 communem]
1283 4387 1530 4446 comitem,
1551 4387 1617 4437 R.
1645 4387 1714 4437 H.
1916 4389 1978 4438 R.
2001 4388 2069 4438 H.

887 4471 906 4500 ⁸
933 4465 1101 4532 peplo]
1140 4467 1324 4530 populo
1344 4467 1399 4514 in
1423 4465 1535 4516 MS.
1986 4469 2004 4493 ²
2026 4466 2451 4536 Nor-thumhriam]
2480 4471 2920 4534 Northantoniam,

889 4549 907 4578 ⁴
939 4545 1296 4610 contractatus]
1320 4552 1615 4595 ‘contractus
1631 4545 1685 4595 in
1705 4545 1818 4596 MS.
1920 4547 1981 4595 R.
2008 4545 2075 4598 H.

885 4629 909 4658 ³
940 4623 1126 4689 adbuc]
1167 4625 1230 4673 ad
1252 4623 1404 4684 hunc,
1426 4623 1489 4673 R.
1514 4623 1582 4673 H.
