3519 5734
1077 845 1450 894 PHILIPPus
1493 842 1709 893 ABBAs
1753 842 2129 893 SECUNDUS.
2520 825 2647 889 193

557 1040 692 1085 non
759 1020 1157 1110 processisse,
1222 1024 1294 1084 et
1359 1017 1500 1103 ejus
1565 1038 1843 1095 causam,
1917 1014 2219 1103 pontifex
2295 1014 2647 1093 RomanuS,
2674 1018 2955 1069 A-D-1161

555 1144 762 1209 usque
805 1122 892 1186 ad
955 1121 1464 1186 amaritudinem
1534 1120 1773 1185 animae
1838 1118 2249 1197 sollicitatuS,
2308 1138 2425 1203 per
2486 1116 2653 1181 duos
2672 1088 2931 1215 {0¹ssssoe

557 1224 722 1289 alios
791 1222 1156 1289 cardinales
1218 1242 1438 1309 regem
1487 1222 1749 1308 Angliae
1794 1220 2173 1305 requirebat
2215 1223 2295 1283 ut
2338 1217 2655 1303 archiepi-
2676 1230 2857 1294 Hem-y
2882 1236 2935 1279 to

558 1347 750 1413 scopo
795 1348 954 1392 suus
997 1325 1595 1411 archiepiscopatus
1641 1346 1792 1389 cum
1838 1344 1955 1387 sua
1999 1322 2217 1409 gratia
2255 1320 2650 1386 redderetur.
2676 1297 2914 1415 ffffiffife

559 1428 643 1519 In
719 1451 852 1515 quo
927 1450 1078 1493 cum
1151 1427 1324 1492 nihil
1399 1426 1848 1513 profecissent,
1923 1424 2011 1490 ad
2101 1424 2653 1510 archiepiscopum

559 1530 900 1597 venientes
945 1530 1007 1595 ei
1051 1530 1396 1617 negotium
1461 1529 1847 1595 retulerunt.
1941 1528 2033 1592 Et
2077 1526 2381 1592 videntes
2430 1548 2655 1613 pacem

559 1633 743 1699 salvo
787 1633 1034 1699 honore
1095 1632 1224 1699 Dei
1291 1653 1662 1719 processum
1729 1653 1866 1697 non
1932 1629 2172 1695 habere
2217 1628 2525 1716 expedite
2568 1630 2657 1695 ad

558 1756 886 1800 summum
946 1736 1324 1822 pontificem
1381 1738 1541 1799 sunt
1583 1734 1845 1799 reversi.
1935 1732 2083 1799 Rex
2126 1738 2349 1799 autem
2393 1732 2655 1821 Angliae
2678 1740 2860 1807 Hau-y

557 1837 830 1902 tandem
873 1837 947 1900 in
991 1836 1238 1903 Gallias
1268 1836 1560 1915 veniens,
1590 1835 1674 1901 ad
1705 1836 2096 1901 instantiam
2141 1836 2314 1922 regis
2345 1834 2655 1915 Franciae,
2679 1808 2903 1925 ξξΐωω

562 1939 1045 2026 archiepiscopo
1091 1960 1284 2003 suum
1330 1938 1962 2026 archiepiscopatum
2022 1938 2307 2025 recipere
2352 1938 2657 2004 concede-
2678 1942 2870 2019 chket
2893 1946 2946 1991 to

563 2040 700 2118 bat,
767 2040 882 2107 sed
944 2049 1172 2107 tamen
1233 2042 1411 2127 pacis
1479 2040 1771 2105 osculum
1836 2044 2109 2127 rogatus
2172 2040 2234 2105 ei
2310 2041 2657 2107 concedere
2679 2008 2995 2125 &33¹2

563 2145 1038 2210 contemnebat.
1159 2143 1706 2230 Archiepiscopus
1766 2164 1921 2229 ergo
1981 2142 2391 2209 concordiam
2450 2164 2657 2228 usque
2682 2141 2770 2191 the
2790 2140 2897 2191 kias
2918 2140 2979 2191 of

563 2246 652 2311 ad
695 2252 936 2313 nutum
980 2246 1236 2312 domini
1281 2267 1470 2333 papae
1538 2242 1928 2332 protelabat.
2023 2246 2385 2333 Episcopus
2453 2245 2660 2332 igitur
2680 2222 2945 2351 ffliope

564 2348 974 2427 Senonensis,
1019 2350 1106 2415 ad
1150 2370 1390 2437 papam
1433 2369 1476 2411 a
1517 2369 1670 2434 rege
1718 2346 2013 2414 Franciae
2071 2348 2327 2427 missuS‚
2369 2348 2459 2413 ab
2517 2349 2661 2435 ipso
2680 2354 2937 2431 threatens

562 2452 686 2517 hac
743 2453 958 2518 forma
1019 2472 1397 2539 supremum
1465 2449 1726 2515 exitum
1794 2450 2210 2535 acquirebat3
2278 2450 2454 2537 quod
2520 2450 2661 2535 ipse
2682 2429 2925 2537 {nezam-

564 2576 736 2641 papa
781 2554 1298 2641 Rothomagensi
1359 2552 1847 2639 archiepiscopo
1915 2557 1985 2617 et
2054 2552 2355 2639 episcopo
2419 2552 2659 2618 Niver-

565 2658 756 2721 nensi
799 2656 1223 2743 praecipiebat
1267 2661 1346 2720 ut
1391 2677 1610 2741 regem
1641 2654 2013 2740 Anglorum
2043 2676 2160 2741 pro
2191 2676 2347 2742 pace
2380 2654 2662 2720 ecclesiae

567 2759 1012 2836 convenirent,
1060 2759 1278 2845 ipsum
1324 2758 1985 2839 excommunicarent,
2017 2763 2259 2822 terram
2299 2780 2495 2840 ,suam
2541 2758 2663 2823 sub

567 2859 921 2926 interdicto
966 2864 1304 2947 ponerent,
1348 2860 1480 2925 nisi
1543 2860 2021 2946 archiepiscopo
2092 2859 2554 2926 Cantuariensi
2597 2864 2667 2926 et

570 2985 706 3028 suae
751 2963 1036 3030 ecclesiae
1079 2985 1212 3050 pax
1257 2985 1544 3050 congrua
1603 2962 2005 3028 redderetur.
2123 2962 2378 3042 Quibus
2439 2985 2661 3050 regem
2686 2973 2867 3053 Henfy

568 3066 986 3148 adeuntibus,
1034 3067 1094 3131 ei
1139 3065 1222 3131 de
1249 3087 1410 3152 pace
1440 3065 1947 3132 comminarunt.
2039 3065 2136 3129 At
2179 3066 2319 3152 ipse
2362 3067 2437 3130 in
2481 3071 2664 3131 arcto
2688 3041 2881 3158 ἓξὲξ
2901 3116 2955 3157 t„

569 3168 822 3254 positus
867 3189 1093 3254 pacem
1137 3167 1609 3254 promittebat3
1670 3190 1819 3253 quae
1864 3168 2041 3232 inter
2083 3167 2302 3255 ipsum
2346 3173 2415 3232 et
2458 3167 2667 3234 archi·
2688 3174 2769 3224 his
2791 3189 2955 3239 peace.

570 3271 942 3356 episcopum
988 3270 1292 3356 pluribus
1335 3270 1784 3335 mediantibus
1814 3253 2030 3335 fuerat
2074 3271 2443 3336 reformata.
2520 3271 2664 3334 Rex

569 3394 740 3459 erg0‚
823 3372 1302 3461 archiepiscopo
1365 3373 1791 3438 restitutione
1880 3373 2253 3438 ablatorum
2327 3372 2662 3461 promissa,

570 3475 631 3540 ei
700 3497 852 3540 cum
914 3475 1050 3540 suis
1117 3475 1424 3540 omnibus
1485 3475 1805 3540 redeundi
1868 3474 2203 3540 licentiam
2247 3476 2664 3543 condonavit.

573 3575 703 3642 Cui
771 3599 945 3643 anno
1008 3575 1052 3646 '7
1118 3577 1302 3642 exilii
1377 3577 1481 3642 sui
1556 3577 1736 3663 apud
1812 3577 2235 3643 Sandwicum
2309 3579 2668 3666 applicanti
2692 3591 2885 3642 Return
2909 3591 2971 3642 of

571 3677 821 3742 milites
865 3677 1108 3742 armati
1151 3678 1224 3742 in
1269 3679 1373 3742 sui
1402 3678 1716 3762 injuriam
1747 3685 2186 3746 occurrerunt.
2260 3680 2392 3746 Sed
2423 3687 2666 3762 tamen,
2690 3659 2897 3711 Becket.

568 3778 655 3843 ob
718 3779 1158 3844 reverentiam
1219 3780 1662 3846 archidiaconi
1727 3781 2125 3846 Senonensis
2193 3783 2309 3868 qui
2382 3805 2530 3849 cum
2590 3806 2667 3850 eo

575 3887 862 3960 venerat,
907 3888 975 3947 et
1021 3882 1104 3947 ob
1151 3882 1488 3948 collectam
1533 3883 2019 3971 archiepiscopo
2063 3885 2249 3972 vulgi
2294 3886 2667 3952 multitudi-

571 4006 744 4065 nem,
790 3985 852 4050 ei
913 3984 1000 4049 ad
1061 3989 1324 4071 tempus
1389 3985 1787 4051 deferebant
1909 3986 2337 4053 Cantuariam
2401 3988 2669 4074 quidem

574 4088 832 4152 intrans
879 4109 920 4152 a
964 4087 1104 4151 suis
1149 4090 1492 4174 susceptus
1559 4093 1638 4152 ut
1705 4088 1947 4167 decuit,
2013 4090 2244 4155 domus
2296 4111 2537 4156 vacuas
2598 4096 2669 4156 et

577 4189 810 4256 horrea
869 4189 1189 4256 demolita
1254 4189 1598 4277 reperienS,
1668 4191 1967 4257 ecclesias
2035 4213 2183 4260 suas
2252 4199 2321 4258 et
2384 4193 2662 4281 oppida¹

576 4291 880 4378 quaedam
931 4294 1006 4358 in
1048 4291 1358 4357 manibus
1402 4292 1811 4358 intrusorum
1857 4298 1927 4360 et
1969 4295 2354 4380 praedonum
2400 4317 2673 4384 occupa-

575 4400 678 4460 tas
721 4415 860 4460 esse
889 4393 1340 4481 deprehendit.
1433 4394 1656 4461 Primo
1685 4394 1863 4461 enim
1896 4396 1999 4461 sui
2029 4397 2338 4480 adventu,
2368 4399 2672 4465 officiales
2696 4411 2779 4462 He
2799 4412 2991 4463 refuses

575 4497 762 4585 regii,
793 4497 878 4562 ab
924 4496 1407 4584 archiepiscopo
1438 4497 1839 4565 Eboracensi
1884 4504 1954 4565 et
1998 4499 2314 4587 episcopis
2344 4501 2675 4569 Londoni-
2694 4480 3006 4597 ξζέξζιζζ,

1204 4667 1349 4674 --..-
1385 4671 1971 4678 ——-—..—-..--——-—-——.--
2004 4674 2054 4678 -.-

1327 4765 1340 4797 ¹
1369 4763 1579 4830 oppida]
1619 4765 1784 4830 opida,
1808 4765 1922 4818 MS.

2356 4867 2405 4915 N
