3519 5734
1221 824 1500 873 'motus
1547 823 1764 873 ABBAs
1809 826 2118 875 1111111118.
2446 800 2455 807 ’
2593 810 2725 876 265

624 998 1026 1065 remanentis
1088 998 1523 1075 committens
1601 996 1672 1062 in
1751 998 2101 1064 Franciam
2168 1001 2527 1065 comitante
2590 1000 3065 1065 sibiA.D.1191.

623 1102 790 1167 duce
864 1101 1156 1165 Austriae
1232 1098 1570 1164 remeavit.
1679 1108 1718 1161 J
1720 1110 2040 1163 uratoriam
2076 1100 2309 1165 ‘tamen
2391 1109 2720 1165 cautionem

623 1210 781 1269 ante
824 1224 1146 1269 recessum
1191 1223 1384 1266 suum
1427 1200 1566 1286 regi
1615 1200 1897 1266 Ricardo
1928 1210 2195 1264 adhibuit
2242 1210 2313 1265 de
2349 1209 2723 1265 indemnitate

623 1311 947 1371 terrarum
1015 1310 1084 1369 et
1145 1330 1344 1367 rerum
1395 1302 1686 1387 ejusdem
1755 1312 2015 1377 Ricardi,
2080 1330 2269 1382 usque
2324 1312 2399 1365 ad
2466 1312 2723 1366 reditum

625 1435 797 1471 suum
851 1416 924 1471 de
975 1416 1158 1469 Terra.
1219 1412 1451 1467 Sancta.
1546 1402 1895 1489 Philippus
1938 1411 2175 1466 Italiam
2200 1413 2477 1483 appulsus
2513 1430 2727 1483 papam

621 1508 769 1563 adiit
828 1506 1052 1561 absolvi
1102 1524 1138 1558 a
1189 1504 1442 1574 quodam
1490 1504 1827 1575 juramento
1890 1542 1906 1558 .
1974 1543 1989 1556 .
2047 1542 2061 1556 .
2138 1503 2257 1558 Sed
2303 1522 2419 1558 non
2456 1505 2723 1559 obtinuit.

622 1591 829 1647 Occiso
873 1590 1110 1644 interim
1148 1588 1410 1643 Conrado
1463 1588 1799 1643 marchione
1850 1605 1957 1657 per
2004 1586 2149 1641 duos
2203 1587 2444 1642 sicarios
2480 1589 2541 1641 in
2578 1588 2723 1641 urbe
2748 1590 2829 1639 He
2852 1592 3031 1641 endea-

625 1702 733 1739 sua
755 1684 912 1747 Tiro,
955 1672 1297 1758 Philippus
1340 1698 1444 1734 rex
1480 1680 1746 1735 Franeiae
1782 1680 1947 1733 nisus
1986 1685 2077 1734 est
2125 1681 2258 1750 regi
2309 1680 2562 1736 Ricardo
2610 1680 2721 1735 hoc
2746 1666 2979 1787 {2⁰33

623 1776 818 1831 scelus
852 1775 1166 1845 imponere.
1238 1773 1408 1828 Unde
1431 1776 1505 1833 ⁴et
1540 1772 1696 1843 apud
1719 1772 1989 1826 Parisius
2026 1772 2319 1827 celebrato
2344 1772 2608 1837 eoncili0,
2650 1772 2721 1826 de
2748 1790 2970 1841 ffichard

621 1868 919 1939 proditore
978 1880 1096 1923 suo
1133 1866 1385 1921 Ricardo
1420 1877 1575 1942 rege
1623 1882 1684 1919 se
1710 1865 1863 1919 velle
1888 1864 2093 1919 ulcisci
2124 1866 2499 1936 proponebat.
2574 1866 2723 1920 Pru·
2748 1856 2834 1906 the
2856 1857 3045 1923 chffl'gss

2746 1923 2807 1971 of
2820 1926 3046 1974 murder-

623 1958 918 2014 dentiores
960 1966 1157 2015 tamen
1201 1963 1570 2030 praematurae
1604 1956 1847 2011 ultionis
1885 1957 2249 2028 propositum
2294 1958 2717 2021 dissuaserunt,
2747 1990 2837 2054 ing
2856 1990 2944 2041 the

621 2057 949 2106 asserentes
1005 2050 1162 2123 quod
1213 2050 1356 2104 licet
1401 2046 1540 2103 vera.
1587 2048 1781 2103 forent
1831 2066 1962 2119 quae
2007 2040 2148 2127 regi
2178 2050 2431 2105 Ricardo
2466 2051 2723 2121 impone-
2748 2082 2782 2131 f.
2807 2084 2890 2133 37·

619 2142 836 2198 bantur
880 2162 995 2197 non
1042 2149 1239 2198 tamen
1274 2157 1644 2212 praepropere
1697 2145 1801 2194 aut
1850 2141 2182 2211 petulanter
2232 2142 2525 2212 agendum
2562 2142 2719 2207 fore3
2745 2186 3003 2235 marquess

621 2226 726 2281 sed
802 2233 1074 2297 respectu
1148 2224 1468 2280 honestiori
1487 2222 1505 2255 ¹
1569 2222 1977 2277 sustinendum
2037 2242 2340 2295 quousque
2377 2224 2451 2278 ad
2485 2224 2725 2295 propria
2748 2238 2808 2285 of
2820 2238 2997 2288 Mont-

619 2315 908 2365 remearet
944 2310 1047 2381 qui
1081 2314 1322 2380 propter
1359 2307 1662 2362 Christum
1699 2306 2047 2359 noscebatur
2082 2307 2465 2378 peregrinari.
2539 2307 2725 2362 Oaete-
2746 2304 2914 2355 ferrat·

617 2411 752 2447 rum
789 2394 840 2448 si
875 2411 1150 2449 reversus
1188 2392 1260 2445 de
1299 2387 1582 2461 objectis²
1621 2406 1683 2443 se
1707 2407 1964 2460 purgare
1991 2392 2205 2461 poterit
2238 2390 2335 2445 vel
2372 2391 2444 2444 de
2482 2409 2724 2446 excessu

619 2478 960 2532 satisfacere
995 2476 1273 2539 voluerit,
1311 2476 1460 2529 bene
1499 2479 1695 2528 actum
1733 2473 1863 2527 erit.
1932 2472 2037 2527 Sin
2071 2480 2285 2537 autem,
2314 2475 2683 2545 expectandae
2703 2475 2725 2508 ³

616 2560 857 2615 ultionis
876 2560 1110 2631 justitia
1134 2559 1344 2614 comite
1370 2574 1696 2628 congruum
1721 2562 1953 2627 tempus
1974 2558 2105 2612 erit.
2160 2558 2325 2626 Quod
2350 2559 2400 2612 si
2424 2557 2570 2612 hoc⁴
2592 2576 2727 2613 con-

618 2644 820 2700 silium
843 2643 1228 2715 displicuerit,
1266 2642 1562 2697 Romanus
1587 2640 1846 2711 pontifex
1882 2642 2236 2697 consulatur.
2314 2642 2431 2697 Sed
2457 2643 2725 2712 quamvis

618 2736 693 2791 ad
717 2737 1012 2791 modicum
1037 2736 1364 2807 quiesceret
1385 2753 1490 2789 rex
1520 2724 1881 2811 Philipptm,
1928 2733 2167 2789 molitus
2210 2740 2301 2789 est
2322 2740 2519 2789 tamen
2540 2752 2724 2805 regno

617 2836 852 2908 Anglioe
877 2841 1183 2892 cruentum
1205 2836 1525 2905 negotium.
1566 2833 1829 2906 Expetiit
1854 2851 1996 2905 ergo
2018 2852 2122 2889 rex
2150 2875 2162 2888 .
2196 2877 2209 2889 .
2240 2825 2581 2912 Philippus
2615 2852 2722 2907 per

617 2926 845 3000 legatos
881 2930 1116 3000 nuptias
1155 2945 1450 3000 germanae
1475 2927 1638 2998 regis
1665 2926 1885 2991 Daciae,
1927 2944 1995 2980 οο
2030 2932 2223 2982 tamen
2257 2934 2427 2998 pacto
2465 2933 2531 2982 ut
2567 2928 2719 2983 dotis
2747 2934 2829 2984 He
2850 2935 2930 2985 in-

615 3011 823 3083 pacto⁵
860 3013 974 3067 sibi
1010 3013 1426 3067 concederetur
1462 3010 1526 3064 id
1562 3011 1872 3081 antiquum
1902 3010 2005 3081 jus
2044 3012 2200 3081 quod
2225 3011 2401 3066 Dacis
2438 3013 2501 3067 in
2536 3031 2720 3084 regno
2746 3001 2937 3079 “581302
2957 3010 3011 3052 ῒῦ

616 3096 946 3168 Anglorum
972 3097 1044 3150 ab
1081 3096 1222 3150 olim
1247 3093 1630 3164 competebat,
1660 3094 1839 3148 simul
1864 3112 1998 3148 cum
2024 3095 2211 3149 classe
2238 3102 2296 3150 et
2322 3097 2581 3151 exercitu
2614 3114 2720 3167 per
2745 3071 2914 3145 opum
2938 3069 3026 3120 ὼε

617 3199 800 3235 unum
837 3198 1072 3244 annum,
1131 3180 1206 3234 ad
1259 3180 1370 3234 hoc
1427 3177 1875 3248 exequendum-⁶
1949 3178 2067 3232 Sed
2118 3184 2177 3232 et
2230 3179 2338 3234 hac
2390 3179 2719 3235 conditione
2746 3136 3013 3252 Ὲὲᾇξῒίξθ

619 3270 859 3336 propter
911 3263 1317 3320 Wandalicam
1376 3279 1413 3315 a.
1460 3267 1633 3332 tergo
1686 3261 2123 3315 infestationem
2177 3269 2410 3334 negata,
2468 3264 2721 3319 traditur
2748 3283 2811 3317 an
2835 3268 2979 3318 inva-

616 3349 827 3419 nuptui
865 3348 1064 3420 puella.
1099 3366 1234 3402 cum
1271 3346 1477 3400 decem
1515 3345 1781 3400 millibus
1836 3363 2167 3400 marcarum
2206 3347 2456 3417 argenti.
2534 3347 2721 3416 Quam
2748 3335 2859 3383 ⁸5⁰ss
2882 3335 2943 3385 0f

617 3437 814 3488 tamen
851 3439 983 3504 post
1019 3433 1272 3504 primam
1311 3430 1535 3501 copulae
1589 3435 1839 3493 noctem,
1881 3435 1983 3484 aut
2018 3436 2257 3501 propter
2293 3430 2561 3486 foetidum
2600 3433 2720 3487 oris
2746 3401 3001 3465 Englffl‘L

618 3525 960 3588 anhelitum,
1002 3529 1104 3578 aut
1141 3523 1282 3594 quia
1314 3540 1432 3576 non
1465 3523 1692 3576 invenit
1728 3539 1858 3575 eam
1881 3521 2194 3593 virginem,
2224 3541 2325 3577 rex
2374 3515 2719 3602 Philippus

615 3611 951 3682 repudiavit
984 3611 1338 3665 indecenter.
1429 3600 1520 3664 Et
1583 3622 1746 3677 cum,
1817 3607 1897 3665 ut
1957 3602 2209 3667 dictum
2254 3608 2371 3682 est,
2418 3606 2556 3691 ipse
2601 3628 2719 3671 rex

283 3715 338 3765 J.
362 3715 590 3782 Brompt.
619 3702 964 3788 Philippus
1009 3703 1082 3766 in
1125 3707 1372 3766 terram
1401 3725 1588 3767 suam
1618 3703 2085 3790 regrederetur,
2135 3705 2453 3772 Ricardus
2497 3714 2723 3774 noster
2744 3722 2966 3772 Richard

279 3785 594 3914 ssffssfftssssse).
621 3805 987 3890 Anglffl'um
1032 3827 1150 3868 ΥΘΧ
1195 3825 1344 3868 cum
1405 3803 1803 3870 Christianis
1846 3804 1919 3868 in
1964 3805 2166 3870 Terra
2226 3806 2469 3874 Sancta
2512 3833 2719 3876 rema.-
2746 3791 2975 3906 ῗσζξξξθ

2776 3895 2807 3920 0

617 3906 934 3972 nentibus
977 3907 1108 3970 iter
1152 3928 1346 3970 suum
1377 3928 1602 3971 versus
1633 3906 1678 3970 J
1683 3928 1899 3993 oppen
1934 3908 2277 3994 dirigebat.
2370 3911 2718 3979 saladinus
2746 3923 2927 3986 Joppa,
2951 3925 3051 3973 and

581 4030 880 4095 ,quoque
924 4008 1064 4092 ejus
1125 4030 1542 4094 progressum
1588 4009 2016 4094 perpendenti,
2066 4011 2402 4096 dispositis
2468 4015 2540 4077 in
2586 4020 2719 4080 tres
2745 3991 2953 4105 ἓῇῗὲῗῃ

617 4111 945 4176 exercitus
991 4110 1126 4173 suis
1170 4109 1447 4188 aciebus,
1483 4109 1765 4175 Ricardo
1798 4111 1939 4194 regi
1968 4133 2118 4176 cum
2163 4114 2298 4178 suis
2342 4137 2425 4178 ne
2470 4115 2719 4182 fiumen
2954 4093 2967 4106 ⁶

619 4213 949 4298 quoddam
1009 4211 1371 4276 transirent
1439 4235 1480 4276 a
1550 4211 1837 4276 Caesaria
1899 4213 2265 4280 discurrens
2309 4217 2719 4284 obstaculum

617 4316 1017 4380 minabatur.
1110 4315 1432 4379 Ricardus
1489 4336 1608 4379 rex
1653 4320 1935 4392 econtra,
1984 4318 2121 4382 suis
2165 4319 2426 4383 aciebus
2470 4320 2543 4385 in
2587 4327 2721 4388 tres

683 4543 698 4573 ¹
721 4539 1006 4605 honestiori]
1031 4539 1320 4598 honestatis,
1345 4539 1406 4588 R.
1433 4539 1498 4589 H.
1771 4541 1790 4570 ⁴
1811 4539 1925 4605 hoc]
1953 4549 2196 4604 nostrum,
2220 4545 2282 4593 R.
2307 4545 2374 4595 H.

679 4622 699 4651 ²
721 4619 941 4685 objecti-e]
971 4621 1052 4669 vel
1075 4618 1371 4681 objicienda,
1395 4617 1456 4668 R.
1482 4617 1550 4669 H.
1767 4619 1789 4648 ⁸
1803 4621 1983 4686 pacto]
2011 4622 2230 4684 nomine,
2254 4623 2315 4673 R.
2344 4625 2409 4676 H.

681 4701 702 4730 ⁸
723 4699 1057 4764 expet-canace]
1085 4699 1396 4762 expetendae‚
1419 4699 1479 4748 R.
1505 4697 1570 4748 H.
1768 4701 1789 4729 ⁸
1808 4700 2152 4768 exequendum]
2175 4706 2551 4768 assequendum,
2566 4705 2627 4757 R.
2645 4707 2715 4757 H.
