3519 5734
1136 874 1480 927 memus
1523 872 1742 925 ABBAS
1787 872 2136 925 snrmms
2555 856 2684 921 411

590 1050 743 1116 dere
786 1070 857 1115 se
900 1050 1109 1116 debet·
1144 1050 1388 1137 partim
1431 1050 1507 1114 in
1566 1049 1860 1115 exterius
1925 1050 2262 1128 fossatum,
2306 1053 2375 1116 et
2417 1050 2512 1115 sic
2551 1051 2698 1136 ipsa
2715 1052 2853 1106 A-D·
2883 1058 3004 1105 1221

590 1153 722 1218 duo
768 1152 1013 1219 fossata
1082 1152 1438 1241 separatim
1502 1152 1900 1218 descendant
1917 1150 1938 1189 ¹
2016 1152 2090 1217 in
2165 1151 2461 1218 Hullum.
2553 1150 2697 1218 Ubi
2715 1124 2897 1173 ‘¹²³⁵‘

591 1255 676 1320 ad
707 1260 1017 1343 stagnum
1058 1260 1361 1322 nostrum
1406 1256 1489 1320 de
1519 1254 1874 1341 Forthdyk
1919 1256 2138 1320 clausa
2165 1254 2502 1332 habeatur,
2547 1276 2696 1340 quae

592 1357 829 1423 toties2
864 1358 1201 1445 aperiatur
1246 1356 1540 1445 quoties²
1585 1378 1848 1423 cursum
1896 1378 2235 1447 aquarum,
2280 1357 2364 1423 de
2405 1357 2696 1423 mariscis

593 1459 673 1525 de
706 1458 994 1525 Suttona
1022 1464 1093 1526 et
1124 1459 1429 1547 Waghna
1457 1460 1737 1546 desuper
1780 1460 2209 1541 venientium,
2239 1482 2356 1548 per
2383 1460 2698 1546 receptio·

592 1578 744 1627 nem
788 1555 907 1628 aut
948 1562 1388 1629 retentionem
1432 1584 1623 1649 aquae
1682 1564 2038 1650 contigerit
2078 1562 2402 1651 impediri.
2493 1562 2698 1628 Ultra

594 1664 775 1750 quod
836 1666 1125 1731 exterius
1171 1664 1491 1730 fossatum
1556 1664 1918 1731 habeamus
1984 1686 2178 1730 usum
2241 1664 2564 1752 pontium,
2611 1664 2698 1729 ad

593 1766 818 1832 averia
876 1772 1107 1833 nostra
1171 1769 1245 1831 in
1310 1772 1653 1856 pasturam
1698 1766 2000 1833 ducenda
2067 1772 2138 1833 et
2195 1765 2581 1845 reducenda,
2631 1770 2699 1831 et

596 1868 880 1955 cariagia
922 1874 1152 1935 nostra
1208 1868 1525 1947 facienda,
1580 1868 1765 1935 salvo
1825 1890 2020 1935 cursu
2077 1870 2282 1956 ipsius
2325 1890 2564 1955 aquae3
2630 1872 2701 1934 et

598 1974 740 2061 ipso
773 1973 1019 2039 fossato
1064 1977 1333 2037 utamur
1375 1972 1464 2036 ad
1507 1971 1776 2037 libitum
1820 1977 2126 2037 nostrum
2171 1973 2256 2037 ad
2302 1972 2434 2037 alia
2475 1975 2704 2036 nostra

598 2078 990 2141 aisiamenta
1028 2074 1435 2161 perfruenda.
1526 2074 1717 2140 Inter
1756 2097 1906 2162 quae
1951 2074 2216 2161 quidem
2246 2074 2508 2154 fossata,
2537 2096 2702 2161 prae-

598 2178 772 2243 fatus
818 2178 1080 2243 Saierus
1122 2178 1205 2242 de
1252 2178 1541 2243 Suttona
1585 2182 1801 2243 totam
1843 2176 2026 2240 illam
2068 2176 2461 2263 particulam
2505 2183 2700 2242 terrae

596 2302 746 2367 quae
791 2280 969 2345 inter
1012 2282 1156 2367 ipsa
1200 2280 1331 2345 duo
1376 2278 1622 2345 fossata
1682 2278 1984 2345 consistit
2027 2280 2430 2345 monasterio
2473 2282 2701 2344 nostro

600 2382 961 2460 concessit‚⁸
1005 2387 1085 2448 ut
1130 2383 1212 2448 de
1256 2384 1401 2469 ipsa
1444 2382 1770 2469 particula
1813 2386 2008 2447 terrae
2050 2388 2120 2447 et
2160 2382 2496 2471 praedictis
2542 2382 2702 2447 duo-

600 2486 726 2552 bus
769 2484 1033 2551 fossatis
1076 2504 1286 2549 unum
1346 2489 1657 2571 stagnum
1718 2485 2098 2562 faceremus,
2147 2485 2234 2549 ad
2279 2480 2703 2550 latitudinem
2727 2498 2782 2549 A
2803 2498 2936 2549 min-
3029 2502 3036 2509 ·

606 2592 691 2653 40
736 2587 979 2673 pedum
1024 2585 1109 2650 ad
1175 2586 1411 2666 minus,
1478 2608 1627 2651 cum
1690 2586 2013 2652 lateribus
2071 2588 2280 2675 ipsius
2321 2588 2559 2674 stagni,
2619 2586 2704 2651 ad
2729 2566 2858 2629 9⁰⁰¹·

605 2710 762 2754 usus
807 2686 1333 2753 molendinorum
1376 2693 1753 2753 nostrorum
1805 2688 2055 2755 ibidem
2097 2696 2170 2755 et
2211 2690 2298 2755 ad
2342 2688 2505 2755 alios
2548 2710 2706 2754 usus

606 2794 884 2870 nostros,
926 2794 1128 2877 prout
1174 2789 1409 2856 melius
1476 2791 1839 2857 viderimus
1883 2792 2231 2879 expedire3
2297 2793 2482 2859 salvo
2527 2792 2706 2857 dicto

606 2895 831 2962 Saiero
877 2897 945 2958 et
990 2893 1345 2960 heredibus
1389 2895 1524 2960 suis
1584 2896 1878 2963 transitu
1925 2901 2191 2962 tantum
2251 2897 2706 2964 navicularum

606 3019 877 3063 suarum
940 2994 1083 3062 sine
1128 2997 1377 3074 rostris,
1425 2999 1511 3063 ad
1552 2998 1836 3086 cariagia
1879 3021 2000 3064 sua
2043 2997 2356 3067 facienda.
2478 3000 2706 3066 Unam
2728 3016 2783 3067 A
2803 3015 2961 3067 flood-

609 3099 893 3184 denique
924 3097 1171 3163 clusam
1201 3098 1590 3165 haberemus
1610 3101 1812 3187 juxta
1833 3101 2130 3179 Rullum,
2152 3103 2238 3168 ad
2265 3103 2707 3189 recipiendam
2730 3091 2861 3149 ΒΨ·

610 3223 850 3288 aquam
898 3200 980 3266 de
1028 3199 1257 3282 Hunc,
1306 3207 1376 3268 et
1442 3201 1721 3268 alteram
1766 3203 1852 3269 ad
1897 3205 2194 3291 superius
2245 3213 2445 3293 caput
2487 3207 2710 3293 stagni

610 3305 817 3392 ipsius
860 3303 949 3370 ad
994 3325 1235 3390 aquam
1263 3307 1345 3372 de
1392 3305 1598 3372 Hullo
1643 3303 2078 3388 retinendam,
2127 3331 2212 3373 ne
2262 3309 2336 3373 in
2387 3310 2713 3389 mariscOS,

612 3407 943 3472 turbarias
1004 3405 1113 3472 vel
1178 3413 1389 3495 prata,
1453 3410 1535 3474 de
1595 3407 1903 3498 Waghna
1968 3409 2076 3476 vel
2137 3409 2218 3475 de
2279 3409 2568 3477 Suttona
2625 3411 2712 3477 ad

612 3513 1085 3575 nocumentum
1146 3507 1535 3577 excederet.⁴
1624 3512 1715 3577 Et
1783 3513 2041 3600 quoties
2107 3513 2288 3579 clusa
2353 3519 2582 3580 nostra
2624 3515 2714 3580 ad

616 3617 817 3698 caput
860 3611 1160 3697 superius
1204 3613 1429 3699 stagni
1494 3615 1842 3680 memorati
1895 3619 2142 3712 'aperta
2181 3617 2384 3683 fuerit
2425 3619 2512 3684 ad
2553 3619 2715 3684 reci-

618 3711 930 3801 piendam
994 3735 1235 3799 aquam
1298 3715 1577 3801 desuper
1642 3718 2056 3808 venientem·
2087 3719 2174 3784 ad
2237 3741 2398 3786 usus
2440 3726 2716 3798 nostros,

619 3815 729 3882 vel
800 3816 947 3902 ipsa
1007 3815 1180 3881 clusa
1248 3817 1545 3903 superior
1605 3819 1826 3884 clausa
1889 3819 2092 3885 fuerit
2153 3821 2238 3886 ad
2303 3821 2717 3889 retinendam

621 3939 862 4006 aquam
928 3939 1077 4004 quae
1144 3917 1226 3982 de
1288 3917 1499 3984 fluctu
1562 3920 1642 3987 de
1706 3919 1916 3986 Hullo
1977 3941 2095 4011 per
2150 3923 2368 4010 ipsum
2409 3931 2720 4012 stagnum

623 4019 1006 4098 ascenderit,
1070 4021 1275 4086 toties
1344 4021 1561 4089 dictus
1630 4021 1934 4110 Sayerus‚
1981 4025 2253 4091 heredes
2311 4033 2380 4092 et
2423 4027 2722 4094 homines

627 4124 748 4205 sui,
816 4145 933 4210 per
975 4122 1297 4188 fossatum
1343 4125 1635 4191 exterius
1678 4127 2148 4213 supradictum,
2193 4128 2364 4195 sicut
2428 4131 2514 4197 ad
2557 4113 2724 4217 prse-

702 4447 721 4480 ¹
746 4445 1066 4514 descendant]
1092 4447 1395 4499 descendere
1417 4447 1645 4512 debeant,
1728 4451 1977 4514 quotiens,
2031 4451 2120 4502 the
2177 4459 2418 4507 constant
2481 4457 2610 4508 form
2675 4457 2736 4509 of

639 4525 703 4578 P.
1728 4529 1949 4596 spelling
1967 4531 2026 4581 in
2048 4531 2171 4583 both
2192 4533 2345 4586 MSS.

1795 4611 1816 4640 ¹
1849 4612 2111 4679 concessit]
2151 4615 2402 4679 erogabat,
2423 4615 2484 4666 P.

702 4685 726 4715 ²
762 4685 898 4736 toties
932 4721 947 4735 .
982 4721 999 4736 .
1033 4722 1047 4736 .
1073 4685 1285 4754 quotics]
1324 4685 1509 4738 totiens
1529 4722 1545 4738 .
1578 4721 1594 4737 .
1628 4723 1642 4738 .
1801 4690 1818 4720 ⁴
1851 4689 2129 4758 excederet]
2167 4695 2395 4756 excedat,
2415 4693 2476 4746 P.
