3519 5734
1243 878 1439 926 mmo
1485 877 1700 927 ABBAS
1745 879 2069 938 Qum'rus.
2561 862 2691 932 36⁹7

599 1047 950 1114 habuimus
1009 1050 1093 1115 de
1153 1050 1408 1116 Thema
1458 1053 1542 1119 de
1603 1052 1869 1138 Areyns
1930 1052 2008 1116 in
2052 1049 2569 1136 Westheytfeld,
2613 1053 2695 1112 ut
2716 1057 2857 1110 A.D.
2876 1066 3001 1112 1210

599 1151 739 1237 ipse
768 1152 1142 1220 Willelmus
1184 1154 1364 1220 filius
1407 1155 1693 1222 Galfridi
1725 1153 1875 1242 ipse.
1918 1154 2139 1220 omnia
2182 1157 2571 1220 tenementa
2608 1151 2695 1216 de
2716 1131 2897 1180 ‘¹²²⁰‘

601 1254 792 1320 nobis
846 1276 966 1341 per
1021 1255 1416 1322 forinsecum
1474 1257 1824 1324 servitium
1888 1262 1957 1322 et
2017 1277 2316 1322 annuum
2358 1255 2695 1320 redditum

600 1377 720 1422 sex
767 1358 1189 1426 denariorum
1247 1382 1620 1427 annuorum
1641 1357 1660 1395 ¹
1708 1359 2013 1426 teneret.2
2102 1359 2568 1444 concessitque
2610 1357 2699 1422 ad

600 1459 778 1526 feodi
839 1461 1102 1528 firmam
1146 1462 1418 1530 Thomae
1481 1463 1625 1528 filio
1670 1461 1958 1528 Walteri
2024 1462 2109 1528 de
2177 1460 2603 1526 Frismariseo
2654 1462 2699 1524 4

601 1562 766 1628 alias
809 1565 1087 1631 bovatas
1130 1569 1343 1644 terrae,
1389 1587 1554 1654 quas
1598 1564 1954 1630 habuimus
1996 1565 2071 1629 in
2114 1562 2586 1631 Westheitfeld
2614 1583 2699 1628 ex

603 1665 962 1750 donatione
1007 1666 1327 1733 willelmi
1372 1669 1455 1733 de
1499 1668 1781 1753 AreynS,
1826 1673 1907 1733 ut
1951 1668 2093 1754 ipse
2136 1667 2441 1732 redderet
2506 1664 2701 1730 nobis

603 1767 719 1833 xii.
765 1768 1074 1834 denarios
1116 1770 1480 1836 annuatim.
1598 1769 1808 1854 Cujus
1850 1771 1868 1800 ⁸
1892 1768 2246 1834 heredibus
2267 1771 2287 1802 '
2333 1768 2540 1834 etiam
2558 1765 2585 1803 ³
2630 1771 2701 1830 et

601 1871 800 1937 diotae
841 1871 991 1937 aliae
1037 1874 1078 1935 2
1125 1871 1389 1938 bovatae
1433 1878 1630 1938 terrae
1689 1873 1765 1936 in
1808 1869 2274 1938 Westheitfeld
2290 1868 2317 1907 ⁴
2361 1875 2432 1936 et
2476 1869 2657 1936 dicta
2674 1866 2701 1903 ⁶

601 1977 982 2042 tenemento,
1027 1973 1102 2039 in
1147 1973 1548 2041 Estheitfeld
1598 1975 2025 2040 devenerunt.
2129 1972 2367 2038 Postea
2430 1972 2699 2058 quidem

603 2074 888 2142 Thomas
929 2075 1110 2141 fflius
1172 2076 1339 2142 dieti
1386 2075 1661 2143 Thomae
1719 2076 1845 2140 filii
1891 2075 2189 2154 Walteri,
2238 2097 2357 2163 pro
2409 2075 2695 2161 quadam

601 2199 864 2242 summa
905 2179 1202 2266 pecuniae
1253 2201 1456 2266 quam
1501 2179 1564 2245 ei
1609 2179 1997 2244 dederamus
2040 2179 2129 2244 ad
2173 2177 2698 2264 acquietandum
2722 2183 2929 2236 Release

602 2303 753 2347 eum
821 2283 904 2346 de
972 2281 1198 2348 debito
1243 2282 1292 2348 J
1294 2281 1652 2359 udaeorum,
1719 2281 1979 2347 remisit
1996 2278 2023 2317 ⁶
2065 2278 2259 2346 nobis
2302 2280 2612 2368 praefatas
2656 2283 2699 2344 4
2721 2251 2854 2301 &⁰¹¹²
2876 2251 3033 2303 Jews.

601 2383 883 2450 bovatas
927 2389 996 2449 et
1041 2405 1449 2469 quaecunque
1491 2383 1767 2449 tenebat
1815 2383 1897 2448 de
1935 2383 2131 2450 nobis
2175 2383 2249 2448 in
2271 2381 2296 2419 ⁷
2343 2381 2701 2449 Westheit-

605 2483 739 2552 feld
788 2491 856 2551 et
914 2485 990 2550 in
1040 2485 1389 2572 Erghoma.
1500 2484 1742 2551 Postea
1799 2490 2029 2552 tamen
2087 2486 2364 2570 advenit
2430 2485 2699 2572 quidam

605 2587 653 2654 J
656 2590 950 2654 ohannes
993 2588 1174 2653 filius
1218 2587 1364 2653 Wa]
1373 2587 1501 2654 teri
1542 2587 1669 2652 filii
1712 2586 1997 2654 Galfridi
2044 2588 2127 2654 de
2172 2587 2511 2674 Byltona3
2558 2588 2703 2674 ipsa

605 2695 991 2757 tenementa
1032 2692 1232 2777 petiit
1251 2687 1316 2773 8;
1378 2691 1496 2777 qui
1547 2690 1701 2777 jure
1766 2690 2188 2768 hereditariO,
2260 2695 2339 2756 ut
2402 2691 2699 2771 asseruit,

605 2793 751 2882 ipsa
793 2798 1174 2859 tenementa
1236 2795 1309 2857 in
1353 2792 1842 2881 Westheytfeld
1909 2797 1979 2860 et
2023 2792 2371 2882 Erghoma,
2436 2798 2507 2859 et
2570 2793 2702 2858 alia

605 2902 985 2962 tenementa
1045 2896 1120 2961 in
1178 2896 1596 2976 Estheitfeld,
1644 2896 1907 2963 Gowsle
1974 2902 2041 2963 et
2102 2897 2429 2979 Mertona,
2478 2896 2701 2963 sortiri

609 3000 960 3065 debuisset.
1052 2996 1198 3079 Cui,
1244 3021 1397 3066 cum
1457 2999 1604 3086 ipsa
1665 3000 1889 3065 omnia
1948 3004 2161 3066 terras
2206 3006 2275 3066 et
2320 3006 2703 3067 tenementa

603 3102 679 3168 in
721 3102 1028 3168 manibus
1070 3102 1316 3167 nostris
1359 3124 1478 3189 per
1517 3108 1784 3189 tempus
1843 3102 2109 3189 aliquod
2179 3103 2703 3181 detinuissemuS,

605 3205 728 3270 sub
777 3205 973 3271 certis
1026 3204 1515 3270 conditionibus
1561 3227 1640 3271 ea
1684 3204 1911 3270 omnia
1951 3211 2032 3271 ut
2066 3205 2182 3293 jus
2240 3228 2434 3271 suum
2476 3204 2704 3269 redde-

606 3308 876 3389 bamus;
952 3308 1125 3375 sicut
1190 3308 1265 3373 in
1321 3312 1618 3395 tempore
1687 3307 2031 3374 Michaelis
2076 3308 2341 3374 abbatis
2386 3312 2429 3373 8
2474 3312 2703 3396 postea

481 3413 488 3422 ‘
602 3410 940 3477 referetur.
1029 3410 1345 3476 Tradidit
1389 3411 1592 3477 etiam
1633 3410 1813 3478 idem
1841 3411 2048 3477 abbas
2092 3411 2178 3477 ad
2222 3410 2399 3477 feodi
2442 3410 2702 3476 firmam
2728 3423 2945 3475 Gowsle.

606 3512 948 3599 Stephano
1017 3514 1098 3579 de
1173 3512 1436 3580 Gowsle
1513 3512 1849 3600 quoddam
1925 3514 2220 3580 clausum
2274 3515 2349 3581 in
2395 3510 2703 3591 Gowele,⁹

604 3620 686 3681 ut
731 3616 874 3702 ipse
913 3615 1084 3681 illud
1127 3620 1386 3681 teneret
1455 3616 1538 3682 de
1603 3616 1798 3682 nobis
1839 3639 1958 3706 per
2002 3618 2352 3683 servitium
2402 3637 2702 3681 annuum

605 3720 650 3781 4
696 3717 1134 3783 denariorum.
1227 3718 1356 3783 Pro
1409 3740 1540 3805 quo
1586 3718 1763 3784 idem
1809 3718 2185 3806 Stephanus
2228 3718 2422 3785 nobis
2468 3718 2703 3784 confir-

604 3819 819 3885 mavit
844 3818 897 3857 ¹⁰
956 3822 1000 3885 4
1059 3819 1339 3886 bovatas
1414 3829 1610 3887 terrae
1684 3842 1836 3886 eum
1894 3822 2333 3909 pertinentiis,
2395 3843 2559 3909 quas
2619 3821 2703 3886 de

605 3924 805 3990 Petro
850 3924 932 3989 de
971 3922 1256 3989 Tuschet
1297 3923 1744 4005 habebamus3
1797 3928 1867 3989 et
1896 3946 1965 3991 se
1993 3925 2187 3991 nobis
2229 3925 2498 4011 insuper
2540 3923 2706 3989 obli-

603 4028 798 4115 gavit
843 4027 1021 4114 quod
1063 4047 1408 4113 nunquam
1450 4048 1571 4114 pro
1615 4048 1688 4093 re
1731 4026 1955 4114 aliqua.
1997 4026 2383 4115 praediotam
2426 4026 2702 4093 eleemo-

605 4152 839 4217 synam
883 4128 1345 4215 destringeret,
1389 4128 1504 4195 sed
1547 4151 1615 4195 se
1660 4133 1730 4195 et
1774 4129 2047 4195 heredes
2094 4152 2247 4195 suos
2305 4130 2570 4216 caperet
2613 4126 2701 4194 ad

674 4386 689 4417 ¹
725 4384 1022 4451 annuorum]
1049 4382 1310 4435 annuatim
1329 4384 1610 4436 reddendo·
1767 4386 1789 4415 ⁸
1820 4382 1982 4449 dicta]
2022 4384 2125 4437 alia
2144 4389 2293 4436 terrm
2315 4392 2383 4447 et,
2405 4385 2467 4439 P.

607 4478 738 4527 rum,
759 4465 820 4515 P.
1766 4466 1787 4494 ⁶
1819 4463 2029 4530 remisit]
2066 4465 2369 4526 remittebat,
2390 4466 2451 4517 P.

673 4544 695 4574 ²
729 4542 930 4609 teneret]
969 4542 1235 4606 detineret,
1257 4543 1319 4594 P.
1644 4588 1646 4595 .
1766 4545 1786 4573 '¹
1818 4544 1972 4595 Aster
1992 4544 2045 4593 in
2066 4543 2225 4594 insert
2245 4544 2382 4595 dieta
2396 4546 2521 4595 villa
2542 4546 2619 4605 de,
2636 4544 2698 4596 P.

674 4624 694 4653 ³
726 4622 868 4687 cujus
890 4659 905 4673 .
927 4660 940 4673 .
967 4659 980 4673 .
1005 4622 1176 4688 etiam]
1208 4622 1322 4683 Cui,
1340 4622 1408 4674 H.
1764 4624 1783 4653 ⁸
1819 4624 1927 4689 ipsa
1949 4661 1962 4674 .
1986 4660 2000 4673 .
2028 4660 2039 4673 .
2056 4624 2229 4690 petiit]
2268 4624 2496 4689 wanting
2516 4626 2573 4675 in
2594 4626 2656 4677 P.

674 4703 693 4732 ⁴
731 4708 872 4751 terroe
925 4701 980 4749 in
1046 4699 1406 4769 Westlleigfeld]
1477 4716 1608 4768 prae-
1764 4705 1786 4734 ⁹
1824 4701 2042 4769 G'owsle]
2082 4704 2331 4769 Gowsyll,
2352 4704 2412 4755 P.

609 4781 811 4847 scripte
832 4779 1040 4845 ibidem,
1060 4780 1122 4833 P.
1766 4783 1804 4814 ¹⁰
1835 4783 2167 4850 confirmavit]
2204 4784 2550 4851 oonfirmabat,
2572 4786 2631 4838 P.
