3519 5734
1536 669 1567 698 0

732 811 819 876 82
1400 811 1598 872 ,mm
1640 809 1858 871 Asius
1905 803 2182 870 anus.

736 1257 855 1324 IV.
886 1253 985 1322 De
1004 1275 1253 1342 pwma
1279 1251 1689 1322 monasterii
1718 1251 2169 1338 oedffloatione
2211 1247 2233 1288 ¹
2255 1255 2317 1317 et
2343 1245 2839 1317 mmmchowmn

826 1415 833 1420 .
909 1357 1319 1425 &adustione
1336 1382 1365 1438 ;
1406 1363 1467 1423 et
1500 1355 1894 1432 tenem‘ntie
1937 1353 2132 1422 ‘nobie
2183 1352 2368 1420 datie
2385 1373 2517 1440 per
2559 1349 2842 1420 williel-

912 1481 1114 1528 ‘mwm
1182 1459 1387 1528 Grooe
1460 1457 1801 1538 comitem,
1834 1456 2289 1544 fundatorem
2359 1461 2688 1532 nostrum,
2752 1451 2842 1519 ‘m

926 1560 1249 1648 Wa9hna‚
1293 1561 1473 1630 bosco
1518 1561 1600 1628 de
1640 1560 1874 1639 Ruda,
1923 1561 2205 1626 Hotona
2245 1563 2306 1626 et
2348 1553 2728 1644 Eyyetona}

402 1744 583 1796 Desire
604 1745 665 1796 of
832 1735 1001 1802 Cum
1046 1739 1287 1814 autem,
1330 1739 1411 1801 ut
1477 1733 1867 1822 praedictum
1928 1739 2043 1812 est,
2092 1734 2306 1799 dictus
2352 1729 2572 1798 Adam
2616 1752 2842 1796 mona-

402 1812 705 1929 ‘ffbgffir‘fg
743 1839 899 1905 chus
944 1837 1163 1906 locum
1206 1839 1603 1904 monasterio
1650 1822 2100 1907 construendo
2135 1843 2367 1923 aptum
2413 1833 2730 1921 elegisset,
2776 1838 2845 1898 et

404 1953 459 1996 to
480 1945 661 1996 sabati·
739 1942 947 2030 ipsius
1012 1941 1141 2008 loci
1172 1942 1628 2008 commutatio
1690 1939 1986 2006 nondum
2059 1938 2273 2004 fuerat
2335 1936 2563 2024 scripti
2630 1935 2847 2001 muni-

406 2017 683 2132 &eraldi-te.
740 2050 967 2113 mento
1011 2043 1413 2126 confirmata,
1460 2041 1839 2110 elaborabat
1861 2036 1890 2078 ⁹
1933 2042 2152 2108 dictus
2197 2061 2409 2106 comes
2451 2036 2845 2105 Willielmus

740 2148 803 2214 le
822 2145 851 2186 ⁸
897 2147 1127 2227 Groos,
1171 2139 1245 2224 in
1290 2147 1615 2234 quantum
1660 2146 1899 2233 potuit,
1945 2147 2027 2210 ut
2072 2143 2292 2209 dictus
2335 2139 2556 2207 Adam
2619 2161 2845 2205 mona-

406 2247 441 2297 f.
472 2253 532 2298 ¹3
556 2247 600 2299 ὓ·
744 2250 903 2318 chus
926 2251 953 2289 ⁴¹
995 2251 1211 2317 locum
1257 2249 1479 2327 alium,
1525 2248 1899 2334 ubicunque
1944 2246 2071 2312 sibi
2099 2245 2402 2334 placeret,
2448 2243 2522 2309 in
2552 2242 2842 2310 dominio

636 2393 641 2396 -
742 2375 861 2419 suo
906 2353 1179 2440 eligeret
1222 2351 1307 2417 ad
1352 2350 1824 2417 monasterium
1871 2348 2299 2414 fundandum.
2409 2347 2542 2412 Sed
2590 2367 2848 2432 nequa-

741 2479 937 2543 quam
1005 2456 1183 2521 hunc
1244 2452 1330 2520 ab
1394 2454 1654 2541 incepto
1721 2453 2059 2540 proposito
2135 2449 2513 2537 aliqualiter
2586 2449 2847 2514 flectere

740 2557 1164 2646 praevalebat.
1254 2555 1550 2623 Tandem
1610 2577 1765 2643 ergo
1833 2576 2046 2620 comes
2065 2551 2090 2589 ⁵
2141 2553 2360 2619 locum
2412 2553 2628 2640 ipsum
2696 2574 2846 2617 cum

742 2661 1050 2728 omnibus
1095 2659 1522 2748 pertinentiis
1568 2658 1703 2723 suis
1750 2657 1894 2724 Deo
1940 2663 2009 2724 et
2041 2656 2268 2722 Beatae
2299 2655 2565 2743 Virgini
2595 2655 2847 2736 Mariae,

743 2763 830 2829 ad
919 2763 1391 2830 monasterium
1478 2759 1946 2827 monachorum
2003 2755 2022 2770 ‘
2040 2757 2492 2825 Cisterciensis
2601 2757 2851 2824 ordinis

407 2880 677 2948 Buildings
741 2863 991 2932 ibidem
1059 2863 1449 2943 faciendum,
1514 2863 1870 2930 solenniter
1891 2861 1918 2903 ⁶
1963 2861 2352 2929 conferebat.
2446 2859 2635 2928 Fecit
2697 2885 2850 2949 ergo

408 2947 618 3079 {2233}
635 2964 723 3066 gg}-
746 2968 1056 3035 aedificari
1146 2967 1481 3054 quandam
1556 2989 1865 3054 magnam
1943 2966 2229 3049 domum,
2305 2958 2462 3031 lieet
2551 2988 2636 3032 ex
2728 2964 2850 3030 vffi

411 3080 500 3131 the
520 3083 717 3135 mouks.
744 3076 1011 3150 cemate,
1042 3068 1161 3135 ubi
1205 3090 1385 3135 nunc
1430 3068 1773 3135 stabilitur
1801 3070 2172 3156 pistrinum,
2203 3070 2276 3134 in
2313 3092 2446 3155 qua
2490 3074 2851 3136 conventus

634 3196 636 3199 ⁴
743 3174 1169 3253 adventui-us,
1239 3172 1463 3238 donec·
1517 3170 1976 3259 providentius
2051 3194 2169 3259 pro
2247 3170 2341 3238 eis
2417 3172 2851 3249 ordinaretur,

742 3276 1093 3344 habitaret.
1185 3274 1372 3341 Fecit
1401 3274 1603 3341 etiam
1634 3273 1964 3361 quandam
2001 3263 2311 3361 capellam
2351 3274 2382 3361 j
2388 3279 2556 3340 uxta
2585 3273 2854 3341 domum
2925 3358 2938 3371 ⁰

743 3380 1145 3468 praedictam,
1208 3401 1356 3466 quae
1431 3378 1627 3451 modo
1703 3378 1949 3455 dicitur
2015 3400 2271 3443 camera
2337 3376 2674 3459 cellerarii,
2737 3376 2878 3443 ubi.

744 3483 1048 3549 monachi
1091 3503 1315 3549 omnes
1357 3482 1432 3549 in
1473 3480 1769 3547 inferiori
1813 3481 2047 3547 solario
2091 3486 2320 3568 postea
2350 3478 2376 3517 ⁷
2422 3479 2857 3563 decubabant,

744 3590 813 3653 et
874 3586 949 3650 in
1015 3584 1337 3672 superiori
1402 3584 1635 3649 divina
1710 3582 1921 3650 officia
1995 3584 2300 3650 devotius
2376 3582 2854 3669 persolvebant.

410 3700 677 3779 Introduc-
745 3686 1001 3767 Quibus
1044 3688 1341 3754 nondum
1403 3684 1753 3775 perfectiS‚⁸
1799 3691 2197 3752 conventum
2263 3686 2731 3752 monachorum
2777 3685 2857 3750 de

412 3768 609 3884 ἓξὲξ
744 3790 1145 3856 monasterio
1192 3790 1273 3855 de
1320 3788 1648 3855 Fontibus
1693 3789 1929 3876 quinto
1956 3789 2277 3858 kalendas
2300 3786 2328 3825 ⁹
2356 3789 2668 3854 eductum
2711 3788 2786 3853 in
2806 3786 2857 3825 ¹⁰

408 3899 722 4019 mnan-
746 3895 965 3961 locum
1010 3892 1561 3981 praedestinatum
1636 3891 1944 3958 kalendis
2017 3891 2065 3958 J
2066 3892 2330 3957 anuarii
2351 3889 2399 3931 ¹¹
2467 3891 2861 3969 introduxit,

774 4186 783 4197 ,
810 4141 829 4172 ¹
862 4147 911 4191 et
944 4136 1279 4189 monachorum
1318 4175 1331 4189 .
1367 4174 1381 4187 .
1417 4168 1431 4187 .
1463 4133 1746 4204 Eyyeeona]
1921 4139 1941 4168 ⁸
1971 4136 2253 4205 solenniter]
2326 4132 2648 4201 solempniter
2677 4154 2691 4196 3
2773 4132 2860 4185 the

743 4224 796 4270 et
814 4218 1108 4270 inductione
1127 4216 1494 4269 monachorum
1514 4232 1631 4267 cum
1664 4218 1751 4267 do-
1855 4225 2088 4269 constant
2123 4218 2257 4267 form
2296 4216 2358 4267 of
2388 4216 2602 4281 spelling
2639 4214 2696 4265 in
2738 4214 2860 4265 both
2928 4207 2956 4235 '⁸

741 4298 885 4368 rnino
906 4298 1078 4350 Adam
1100 4297 1476 4363 primo.abbate
1513 4294 1570 4346 in
1600 4296 1751 4346 abba-
1856 4296 2013 4347 MSS.

742 4378 882 4439 tiam,
904 4378 965 4429 P.
1926 4377 1946 4405 ⁷
1969 4376 2168 4442 postea]
2207 4390 2272 4425 an
2293 4372 2674 4425 interlineation
2697 4372 2752 4423 in
2773 4372 2836 4423 P.

806 4459 827 4488 ²
858 4454 1171 4523 elaborabat]
1207 4456 1503 4519 elaboravit,
1526 4456 1585 4507 Ρ.
1921 4455 1942 4485 ⁸
1965 4454 2230 4521 perjectss]
2291 4454 2558 4519 perfectius
2601 4452 2864 4514 ordinalia,

807 4539 828 4569 ⁸
858 4535 929 4603 le]
966 4537 1195 4602 wanting
1214 4534 1271 4586 in
1293 4536 1354 4587 P.
1586 4586 1593 4593 ,
1855 4534 1915 4585 P.

807 4616 829 4647 ⁴
858 4614 1147 4681 monachus]
1185 4615 1414 4682 wanting
1434 4615 1489 4665 in
1511 4616 1571 4666 P.
1921 4614 1942 4645 ⁸
1962 4612 2117 4665 After
2131 4610 2364 4663 kalendas
2375 4614 2534 4664 insert
2547 4608 2862 4671 Decembris,

804 4696 827 4727 ⁸
840 4694 992 4747 After
1004 4710 1159 4747 eomes
1170 4694 1348 4758 insert,
1365 4710 1481 4745 cum
1497 4707 1748 4746 consensu
1853 4693 1918 4747 P.
2021 4758 2030 4765 .

738 4781 792 4829 et
828 4774 1090 4827 voluntate
1124 4774 1248 4827 dicti
1278 4774 1471 4827 do'mini
1494 4774 1749 4827 Johanniu
1923 4774 1962 4805 ¹⁰
1992 4770 2144 4825 After
2165 4774 2218 4823 in
2238 4772 2397 4823 insert
2417 4770 2628 4835 dietum,
2653 4770 2715 4822 P.

738 4856 804 4907 de
822 4853 1005 4920 Melan,
1024 4852 1089 4907 P.
1920 4853 1956 4885 ¹¹
1979 4850 2480 4920 kalendis-Ianuarii]
2501 4849 2794 4918 vantingin
2801 4846 2865 4903 P.
