3519 5734
1241 914 1437 966 nuso
1481 914 1699 967 ABBAs
1744 916 2063 977 Qum‘rus
2560 902 2690 971 387
2757 888 2768 899 ”

587 1084 893 1145 Galfridus
929 1088 991 1145 in
1014 1090 1284 1161 partibus
1309 1090 1718 1148 transmarinis
1742 1106 1852 1163 per
1876 1086 2348 1162 quinquennium
2371 1090 2682 1155 exulasset,
2713 1088 2850 1141 A-D-
2879 1094 3022 1148 1212.

584 1190 735 1227 anno
759 1174 1297 1247 archiepiscopatus
1334 1176 1429 1231 sui
1464 1176 1555 1240 21,
1596 1176 1699 1246 qui
1734 1176 1854 1232 fuit
1901 1192 2087 1230 annus
2138 1174 2460 1229 Dominicae
2492 1174 2688 1229 incar-

585 1256 837 1313 nationis
854 1261 869 1291 ¹
906 1258 1047 1313 1212
1083 1265 1146 1314 et
1178 1259 1351 1331 regni
1386 1260 1619 1331 praefati
1666 1260 1832 1331 regis
1859 1258 1899 1315 J
1901 1258 2145 1314 ohannis
2184 1259 2272 1325 13,
2317 1260 2382 1313 in
2419 1260 2684 1331 partibus

584 1342 989 1397 transmarinis
1032 1342 1343 1400 defunctus
1392 1350 1499 1401 est.
1578 1342 1705 1413 Quo
1753 1342 2050 1408 defunctO,
2093 1342 2262 1397 sedes
2300 1342 2687 1414 archiepisco-

584 1438 755 1506 patus
804 1436 1189 1494 Eboracensis
1236 1438 1273 1491 4
1320 1438 1486 1495 annis
1534 1437 1782 1495 vacavit.
1859 1428 1991 1493 Hic
2038 1428 2306 1513 quidem
2351 1427 2485 1493 fuit
2533 1427 2688 1493 Gal-

584 1526 795 1593 fridus
840 1528 1363 1617 archiepiscopus
1434 1531 1516 1595 de
1580 1552 1711 1617 quo
1782 1530 2166 1596 Alexander
2209 1528 2415 1596 abbas
2465 1536 2689 1596 noster

586 1632 687 1694 4¹¹⁵
731 1631 895 1696 duas
940 1628 1275 1697 carucatas
1318 1638 1516 1699 terrae
1560 1634 1634 1697 in
1680 1632 2006 1719 Waghna,
2052 1638 2131 1699 ut
2174 1634 2539 1719 praefertur,
2585 1655 2686 1699 re-

586 1734 941 1819 cuperavit.
1059 1734 1223 1800 Post
1285 1758 1499 1822 quem,
1544 1736 1617 1799 in
1681 1735 2317 1823 archiepiscopatum
2380 1737 2685 1802 successit
2709 1746 2906 1800 Walter

586 1835 922 1901 Walterus
1000 1836 1187 1924 Gray
1217 1864 1233 1920 ;
1310 1838 1391 1902 de
1468 1859 1598 1923 quo
1674 1838 1746 1902 in
1823 1838 2251 1924 sequentibus
2324 1838 2686 1905 referetur?
2709 1814 3022 1880 Graj-,areh-

249 1938 481 1991 Annales
588 1938 875 2025 Cognita
919 1941 1185 2026 quidem
1231 1942 1410 2028 apud
1476 1940 1910 2027 apostolicum
1954 1942 2255 2027 nequitia
2299 1962 2414 2007 seu
2459 1944 2686 2008 crude-
2707 1882 2890 2000 1331,
2913 1886 2974 1933 of

249 2008 561 2141 &aggi-hen,
586 2042 778 2107 litate
846 2044 1016 2131 regis
1080 2043 1127 2108 J
1130 2044 1425 2123 ohannis,
1473 2042 1691 2108 adhuc
1754 2043 1880 2107 sub
1949 2044 2308 2110 interdicto
2356 2044 2680 2125 durantis
2708 2028 2976 2145 {333¹}th

248 2144 487 2259 ἓΰέὃῐθῦ
586 2146 727 2231 ipse
796 2145 1235 2211 Innocentius
1296 2169 1469 2234 papa
1536 2150 1653 2227 3¹¹⁸,
1722 2147 1966 2212 intimo
2035 2148 2256 2213 dolore
2325 2153 2684 2230 contactus,
2707 2165 2848 2220 rand,
2875 2164 2962 2213 the

246 2217 549 2341 ἐπιζώῃ
583 2248 839 2335 legatos
901 2250 1064 2314 duos
1126 2248 1595 2336 Pandulphum
1658 2254 1727 2315 et
1803 2249 2202 2315 Durandum
2247 2252 2321 2314 in
2368 2251 2682 2337 Angliam
2707 2231 2897 2361 {³555ss

250 2343 489 2461 grute-¹
585 2352 968 2431 destinavit,
1016 2357 1097 2417 ut
1140 2350 1189 2415 J
1192 2352 1521 2417 ohannem
1594 2352 1816 2439 ipsum
1868 2374 2088 2438 regem
2141 2353 2531 2418 inducerent
2603 2354 2684 2418 de
2901 2336 2912 2347 ⁰

248 2426 545 2541 Jiogffiffies',
587 2456 899 2520 cessando
948 2477 989 2518 a
1030 2455 1486 2541 persecutione
1541 2477 1737 2539 quam
1802 2455 2088 2521 ecclesioe
2133 2460 2379 2521 sanctae
2425 2461 2512 2521 et·
2537 2457 2688 2521 reli-

248 2546 401 2661 {⁰151
419 2545 492 2596 iii.
581 2558 783 2644 giosis
846 2557 1245 2635 introduxit,
1290 2557 1613 2641 siquando
1677 2562 1896 2621 errata
1957 2563 2186 2623 contra
2259 2558 2684 2644 archiepisco-

412 2651 424 2661 “
582 2681 760 2746 pum,
804 2660 1089 2747 priorem
1136 2664 1219 2736 ¹et
1282 2664 1701 2738 conventum,
1743 2659 2286 2727 Cantuariensem
2350 2667 2418 2726 et
2462 2666 2683 2727 totum

584 2764 828 2829 clerum
874 2762 1141 2849 Angliae
1204 2767 1583 2849 perpetrata
1646 2764 2018 2851 corrigeret,
2067 2771 2136 2830 et
2190 2764 2284 2829 eis
2347 2764 2521 2830 bona
2563 2787 2686 2830 sua

586 2866 831 2952 injuste
875 2865 1141 2932 sublata
1182 2866 1569 2933 restitueret
1614 2871 1694 2931 ut
1747 2866 2032 2933 deberet.
2127 2866 2426 2948 Quorum
2470 2870 2682 2934 moni-

586 2954 880 3035 tionibus
926 2970 983 3035 si
1028 2991 1149 3034 rex
1190 2970 1467 3035 fortasse
1538 2970 1990 3056 obtemperare
2057 2971 2476 3057 neglexisset,
2522 2972 2684 3038 dicti

584 3074 793 3160 legati
836 3075 1054 3161 ipsum
1084 3095 1304 3160 regem
1335 3073 1535 3138 etiam
1562 3073 1960 3139 nominatim
1991 3076 2686 3141 excommunicationis
2774 3127 2782 3138 .

586 3176 855 3243 vinculo
886 3176 1307 3242 innodarent.
1390 3174 1523 3255 Qui
1554 3198 1708 3263 ergo
1739 3175 2059 3264 Angliam
2089 3178 2436 3244 venientes
2465 3201 2686 3266 regem
2708 3191 2867 3272 Their
2886 3193 2965 3243 in-

587 3281 763 3368 apud
828 3279 1459 3367 Northamptoniam
1528 3279 1855 3358 adierunt,
1909 3284 1977 3346 et
2051 3301 2248 3367 super
2311 3283 2681 3368 praemissis,
2705 3265 2910 3376 ξξῇζᾛ
2909 3343 2938 3378 e

586 3384 893 3449 videlicet
959 3383 1040 3448 de
1102 3383 1477 3470 receptione
1543 3381 1870 3470 Stephani
1933 3382 2432 3449 Cantuariensis
2477 3385 2685 3449 archi·
2706 3393 2836 3458 king
2858 3403 2910 3444 at

588 3487 875 3573 episcopi
919 3487 991 3550 in
1038 3487 1257 3550 sedem
1304 3507 1507 3564 suam,
1556 3485 1796 3572 prioris
1825 3489 1895 3551 et
1925 3490 2292 3552 conventus
2339 3487 2685 3554 Cantuari-
2707 3461 3009 3580 {gr-tham-

587 3590 759 3653 ensis
818 3589 891 3652 in
958 3588 1431 3653 monasterium
1500 3609 1711 3668 suum,
1761 3591 1830 3653 et
1892 3589 2315 3654 restitutione
2357 3590 2682 3656 bonorum

587 3690 1167 3756 ecclesiasticorum
1243 3711 1513 3775 quorum
1521 3711 1795 3776 cunque,
1872 3711 2022 3755 eum
2098 3694 2509 3759 constantius
2584 3718 2683 3761 re-

589 3793 957 3879 quirebant.
1052 3792 1311 3873 Quibus
1356 3815 1475 3858 rex
1536 3815 1655 3857 sua
1721 3795 2135 3860 contumacia
2180 3795 2378 3860 solita
2421 3818 2686 3884 respon-

586 3897 802 3978 debat,
836 3895 1011 3982 quod
1054 3895 1339 3982 priorem
1371 3901 1440 3960 et
1469 3895 1821 3960 monachos
1864 3897 1936 3961 in
1981 3919 2172 3961 suum
2217 3901 2685 3964 monasterium

583 4001 786 4066 libere
832 3999 1077 4064 sineret
1121 3998 1461 4077 reintrare,
1510 3998 1624 4063 sed
1671 3999 2084 4085 Stephanum
2129 4001 2684 4087 archiepiscopum

587 4105 671 4170 ad
718 4125 906 4169 suam
950 4102 1237 4190 gratiam
1283 4101 1635 4167 admittere
1679 4102 1916 4182 noluit,
1949 4102 2078 4167 nisi
2122 4104 2260 4189 ipse
2307 4103 2684 4190 Stephanus

596 4207 1228 4294 archiepiscopatum
1276 4204 1822 4272 Cantuariensem
1890 4206 1964 4269 in
2031 4227 2266 4270 manus
2325 4206 2537 4293 regias
2582 4231 2684 4272 re-

656 4451 669 4480 ¹
705 4451 792 4514 qui
814 4487 827 4502 .
866 4488 877 4502 .
918 4488 931 4500 .
957 4488 970 4501 .
998 4447 1377 4514 incarnationis]
1404 4446 1596 4498 scilicet
1686 4450 1716 4474 “
1736 4447 1970 4498 Annales
2024 4452 2086 4498 de
2131 4447 2330 4498 But-ton
2354 4470 2367 4509 ;
2387 4449 2417 4472 ”
2461 4451 2552 4500 but
2597 4451 2683 4500 the

586 4545 719 4580 anno
740 4529 968 4591 Domini,
992 4531 1043 4581 S.
1685 4527 1948 4592 authority
1971 4527 2096 4577 with
2133 4528 2302 4577 which
2341 4529 2428 4579 the
2467 4538 2686 4593 greatest

652 4611 673 4638 ²
706 4609 821 4658 The
862 4611 1131 4660 substance
1163 4608 1224 4658 of
1255 4607 1343 4658 the
1375 4607 1593 4672 ensuing
1680 4607 2020 4657 resemblance
2041 4607 2088 4656 is
2103 4607 2276 4668 found,
2295 4609 2418 4658 both
2434 4609 2489 4657 in
2505 4617 2686 4660 matter

588 4686 844 4738 narrative
882 4689 944 4738 of
969 4687 1007 4740 J
1008 4689 1157 4738 ohn's
1198 4687 1427 4753 struggle
1469 4686 1591 4736 with
1682 4688 1784 4736 and
1807 4687 2115 4751 expression,
2137 4687 2184 4736 is
2207 4689 2292 4737 the
2311 4689 2516 4737 “Brute
2525 4688 2685 4739 Chro-

586 4767 673 4818 the
696 4773 841 4817 court
863 4769 923 4817 of
948 4767 1109 4817 Rome
1143 4767 1191 4816 is
1227 4767 1383 4816 found
1415 4767 1471 4816 in
1505 4766 1590 4816 the
1678 4769 1709 4792 “
1732 4765 1914 4825 niele,’'
1937 4765 2127 4816 known
2151 4766 2273 4830 only
2292 4767 2347 4815 in
2371 4767 2572 4818 Freneh
2585 4771 2684 4818 and

588 4847 867 4899 “Annales
907 4849 969 4898 de
1002 4845 1341 4907 Waverleia,”
1364 4847 1463 4895 and
1501 4847 1588 4896 the
1680 4845 1910 4909 English.

2197 4929 2415 4990 13132
