3519 5734
431 2033 465 2082 f.
495 2038 571 2086 15.

767 827 854 891 90
1420 838 1620 891 111111
1662 837 1882 890 Anus
1924 838 2203 890 rmuus.

762 1010 1032 1093 necem,¹
1103 1013 1292 1082 venit
1337 1013 1563 1098 ‚dietus
1629 1013 1859 1100 Drugo
1882 1009 1910 1048 ⁹
1972 1013 2059 1079 ad
2123 1032 2359 1099 regem,
2431 1008 2747 1076 simulans
2790 1027 2859 1072 se

765 1115 936 1181 velle
981 1137 1131 1181 eum
1173 1137 1379 1182 uxore
1424 1137 1544 1181 sua
1594 1116 1668 1181 in
1721 1115 2104 1182 Flandriam
2154 1113 2442 1196 reverti3
2506 1108 2619 1178 et⁸
2662 1109 2860 1198 petiit

767 1217 852 1282 ab
896 1217 1040 1304 ipso
1083 1217 1500 1305 aliquantam
1547 1218 1895 1306 pecuniam
1942 1218 2071 1285 sibi
2115 1218 2278 1284 dari.
2370 1217 2665 1304 Accepta
2706 1234 2859 1300 ergo

763 1342 804 1385 a
849 1341 1002 1408 rege
1045 1322 1337 1408 pecunia,
1381 1320 1728 1388 festinavit
1772 1320 1857 1398 ad
1900 1341 2098 1387 mare.
2190 1319 2397 1406 Cujus
2448 1316 2809 1384 nefandum
2830 1311 2858 1350 ⁴

761 1421 1011 1489 sactum
1063 1427 1133 1488 et
1175 1423 1408 1489 fiotum
1452 1424 1797 1511 negotium
1841 1445 1991 1490 cum
2036 1444 2157 1489 rex
2200 1421 2629 1506 cognovisset,
2676 1417 2860 1483 misit

761 1531 912 1614 post
990 1525 1182 1592 illum
1265 1530 1345 1592 ut
1418 1526 2091 1613 comprehenderetur.
2224 1524 2357 1592 Sed
2436 1524 2578 1612 ipse
2640 1523 2856 1589 denuo

761 1650 896 1693 non
959 1650 1339 1694 reversurus
1413 1628 1887 1696 transfretavit.
2010 1627 2192 1694 Data
2252 1631 2354 1694 est
2416 1647 2569 1713 ergo
2638 1623 2859 1690 Odoni

763 1729 844 1795 de
890 1729 1267 1818 Campania,
1312 1731 1430 1818 qui
1471 1730 1708 1798 habuit
1770 1752 2056 1799 sororem
2122 1730 2296 1817 regis
2356 1749 2643 1808 uxorem,
2691 1726 2859 1794 Hol-

763 1833 1076 1914 dernesia‚
1119 1834 1291 1900 siout
1356 1833 1605 1901 dietum
1672 1836 1812 1915 est;
1874 1855 2023 1920 quse
2089 1833 2283 1899 valde
2344 1830 2589 1898 sterilis
2647 1835 2717 1895 et
2758 1829 2860 1896 in-

760 1935 1092 2003 fructuosa
1135 1941 1278 2002 erat
1323 1958 1400 2002 eo
1460 1941 1771 2024 tempore,
1818 1957 1939 2002 neo
2005 1936 2322 2024 gignebat
2388 1934 2519 2000 nisi
2564 1954 2858 2000 avenam.

763 2037 1058 2126 Cumque
1135 2038 1352 2104 Odoni
1428 2060 1598 2108 uxor
1689 2061 1810 2104 sua
1895 2039 2108 2104 filium
2196 2037 2571 2124 peperisset,
2662 2056 2858 2121 quem

761 2143 1027 2207 vocavit
1071 2139 1502 2230 Stephanum,
1567 2141 1764 2230 petiit
1808 2165 1850 2206 a
1891 2163 2043 2228 rege
2109 2144 2190 2206 ut
2257 2139 2447 2204 daret
2507 2139 2568 2204 ei
2611 2142 2856 2203 terram

761 2245 1081 2310 ferentem
1125 2245 1552 2324 frumentum,
1597 2245 1777 2310 unde
1820 2243 1993 2309 alere
2033 2247 2253 2330 posset
2294 2245 2603 2328 nepotem
2646 2261 2856 2306 suum.
2992 2319 3009 2336 .

762 2345 969 2412 Dedit
1014 2369 1167 2434 ergo
1212 2347 1275 2412 ei
1317 2369 1438 2412 rex
1481 2347 1708 2412 villam
1757 2346 1839 2411 de
1884 2347 2181 2434 Bytham
2224 2367 2375 2430 oum
2418 2343 2857 2432 pertinentiis,

653 2520 658 2526 ,
745 2454 830 2514 ‘et
873 2448 1034 2516 alias
1095 2450 1529 2536 possessiones
1595 2449 1925 2536 plurimas.
2017 2448 2219 2514 Porro
2285 2447 2463 2512 filius
2522 2445 2858 2533 Stephani,

758 2551 882 2616 filii
925 2548 1222 2632 Odonis;''
1265 2551 1396 2618 fuit
1439 2551 1841 2618 Willielmus
1884 2551 1947 2616 le
2008 2549 2217 2616 Groos
2268 2545 2665 2638 praedictus?
2706 2547 2858 2612 fun-

429 2657 658 2774 {Vrffiam
672 2660 720 2710 le
759 2655 953 2720 dator
1016 2661 1298 2722 noster.·
1370 2654 1460 2720 Et
1525 2655 1666 2741 ipse
1727 2653 2125 2720 Willielmus
2198 2653 2265 2719 le
2332 2650 2539 2717 Groos
2604 2651 2857 2738 aceepit

427 2763 640 2842 foundkr
661 2793 722 2843 of
759 2777 1034 2822 uxorem
1083 2757 1394 2840 Ceoiiiam
1437 2758 1724 2837 nomine,
1771 2756 1979 2821 filiam
2032 2754 2369 2841 Willielmi
2409 2753 2535 2820 filii
2580 2750 2855 2820 Dmme-

429 2858 630 2911 Meaux.

758 2859 908 2941 kan,
943 2860 1059 2948 qui
1087 2860 1216 2927 fuit
1247 2859 1423 2925 filius
1465 2860 1639 2947 regis
1686 2858 1929 2927 Seooiae
1960 2857 2295 2925 Maloolmi
2338 2863 2408 2925 et
2449 2856 2656 2923 frater
2683 2857 2855 2944 regis
2884 2898 2889 2903 -

758 2963 993 3029 David.
1083 2962 1213 3029 Per
1241 2984 1440 3049 quam
1487 2961 1798 3029 Ceoiliam
1842 2962 2060 3029 dictus
2100 2960 2497 3029 Willielmus
2538 2959 2601 3025 le
2648 2959 2855 3025 Groos

759 3072 828 3131 et
873 3065 1143 3131 heredes
1174 3066 1277 3139 sui
1295 3062 1322 3100 ⁷
1367 3064 1640 3130 comites
1705 3063 2133 3131 Albemarliae
2163 3060 2189 3098 ⁸
2224 3063 2379 3150 jure
2443 3062 2852 3129 heredetario

761 3168 1177 3235 cravennam
1269 3167 1714 3254 possidebant.
1888 3166 1998 3231 Ex
2085 3187 2211 3252 qua
2307 3164 2551 3231 Ceoilia
2640 3164 2855 3229 dictus

758 3269 1156 3336 Willielmus
1223 3270 1473 3357 accepit
1544 3290 1748 3335 unam
1823 3268 2047 3349 filiam,
2123 3267 2392 3333 nomine
2464 3265 2851 3333 Hawisiam.

757 3372 910 3461 Ipse
976 3373 1244 3460 quidem
1289 3370 1684 3437 Willielmus
1750 3370 1813 3437 le
1879 3370 2086 3437 Groos
2137 3391 2367 3449 eomes,
2414 3373 2564 3457 post
2622 3368 2857 3435 funda-

755 3476 1006 3541 tionem
1079 3473 1630 3542 monasteriorum
1693 3472 1926 3540 Sancti
1988 3472 2271 3537 Martini
2345 3470 2427 3538 de
2502 3470 2804 3537 Auxiseo
2826 3468 2853 3507 ⁰

756 3599 962 3665 prope
1005 3576 1495 3654 Albemarliam,
1558 3576 1640 3643 de
1684 3576 1913 3642 ordine
1975 3574 2411 3655 Cluniacensi,
2474 3578 2545 3643 et
2593 3573 2854 3641 Sanctae

757 3681 987 3747 Mariae
1033 3680 1116 3747 de
1147 3680 1242 3747 Th
1250 3676 1552 3761 o'rntona,
1580 3680 1984 3765 regularium
2012 3678 2472 3743 canonicorum
2501 3676 2585 3743 de
2628 3677 2856 3743 ordine

757 3782 986 3851 Sancti
1051 3781 1435 3869 Augustini,
1480 3790 1551 3848 et
1593 3780 1875 3847 duorum
1936 3780 2481 3846 monasteriorum
2540 3780 2622 3847 de
2668 3778 2856 3847 Valle

755 3886 884 3952 Dei
907 3882 961 3923 ¹⁰
1023 3891 1091 3952 et
1150 3884 1233 3951 de
1294 3884 1520 3965 Melsa,
1583 3883 1986 3954 monasterio
2044 3882 2360 3949 videlieet
2416 3887 2644 3949 nostro
2686 3904 2898 3971 prae-·

757 3986 1001 4069 dict-,03¹
1046 3987 1129 4055 de
1192 3988 1422 4054 ordine
1488 3985 1927 4069 cisterciensi,
1973 3986 2152 4053 vixit
2196 3988 2282 4053 29
2329 3985 2521 4051 annis
2564 3991 2635 4053 et
2674 3986 2851 4073 apud

823 4234 838 4264 ¹
871 4231 995 4283 Post
1025 4267 1040 4283 .
1073 4268 1088 4283 .
1123 4229 1307 4295 necem]
1343 4227 1572 4295 wanting
1592 4227 1649 4279 in
1669 4228 1730 4279 P.
1914 4229 1935 4258 ⁸
1970 4226 2305 4297 Athenas-lake]
2343 4228 2569 4295 wanting
2588 4228 2645 4279 in
2664 4229 2728 4284 P.

817 4316 839 4345 ²
872 4314 1030 4363 dictus
1048 4310 1253 4379 Druqo]
1291 4325 1428 4375 ergo,
1449 4309 1511 4361 P.
1916 4310 1936 4339 ⁰
1970 4306 2045 4359 St.
2078 4307 2274 4359 Mal-tin
2312 4308 2555 4375 d’Auehy
2591 4323 2649 4359 or
2687 4308 2849 4361 d’Au-

821 4393 841 4423 ⁸
877 4392 950 4458 et]
988 4390 1215 4455 wanting
1234 4390 1291 4439 in
1313 4389 1375 4439 P.
1849 4386 1995 4447 male,
2017 4385 2213 4437 diocese
2237 4386 2297 4437 of
2320 4387 2517 4439 Rouen.

819 4474 839 4503 ⁴
873 4470 1164 4537 mandam]
1202 4470 1494 4531 infaustum,
1515 4466 1577 4519 P.
1916 4467 1953 4497 ¹⁹
1986 4466 2139 4517 Afler
2161 4464 2269 4516 Dei
2288 4466 2449 4517 insert
2471 4467 2729 4532 videlieet,
2752 4468 2817 4521 P.

825 4553 845 4581 ⁸
861 4550 970 4615 filii
996 4548 1208 4615 odonis]
1236 4548 1462 4613 wanting
1481 4547 1537 4597 in
1557 4546 1618 4599 P.
1916 4546 1948 4577 ¹¹
1986 4546 2270 4595 master-io
2292 4581 2308 4597 .
2331 4580 2345 4599 .
2372 4546 2637 4617 proedicto]
2676 4555 2849 4601 nostro

822 4634 843 4663 ⁰
865 4628 1157 4697 predic-ms]
1197 4628 1375 4691 dietus,
1395 4627 1458 4678 P.
1849 4624 2087 4693 praedieto
2106 4625 2423 4689 monasterio,
2443 4626 2503 4682 P.

812 4715 830 4743 ⁷
843 4718 892 4763 et
900 4708 1092 4763 heredes
1098 4708 1204 4777 eui]
1216 4706 1562 4761 interlineated
1573 4706 1629 4757 in
1638 4704 1751 4761 MS.
