3519 5734
1253 866 1622 918 Pmmrrus
1665 864 1885 917 annas
1930 867 2309 918 SECUNDUS.
2697 856 2825 918 165

733 1037 826 1102 Et
888 1038 1032 1104 haec
1096 1039 1409 1106 fuerunt¹
1479 1040 1756 1106 nomina
1820 1040 2125 1120 filiarum,
2190 1040 2510 1119 Emelina‚
2574 1041 2827 1114 Avioia,
2852 1049 3145 1100 A.D.1160

733 1138 1047 1221 Maffldissv
1092 1146 1163 1206 0¹²
1205 1141 1434 1207 Auci&
1527 1141 1825 1221 Quarum
1868 1143 2109 1230 prima=
2133 1143 2437 1208 Emelina
2496 1143 2655 1209 data
2696 1142 2828 1210 fuit
2850 1122 3031 1169 ‘¹¹⁸²'

2852 1199 3113 1264 Acquired

729 1241 990 1308 cuidam
1037 1243 1296 1332 Rogero
1341 1245 1424 1310 de
1469 1243 1874 1332 Greynesby,
1908 1246 2147 1312 Avicia
2190 1245 2387 1311 Petro
2434 1246 2516 1312 de
2563 1246 2822 1322 Setona‚
2849 1267 2921 1333 by
2944 1266 3029 1317 the

731 1344 1032 1411 Matildis
1076 1347 1353 1414 Rieardo
1395 1347 1588 1413 fratri
1646 1349 1854 1436 ipsius
1915 1349 2117 1430 Petri,
2164 1353 2231 1415 et
2274 1347 2494 1416 Alicia,
2538 1350 2827 1415 Roberto

2849 1341 3137 1398 monastery

2850 1401 2980 1450 from
3002 1401 3084 1450 his

731 1447 810 1510 de
854 1446 1181 1515 Beforthe.
1275 1449 1408 1530 Qui
1469 1456 1606 1516 tres
1665 1451 1801 1515 viri
1874 1451 2263 1538 posteriores
2330 1450 2507 1518 dicto
2570 1452 2825 1538 Rogero
2850 1468 3090 1518 descend-

729 1547 1168 1617 intendebant
1230 1557 1550 1638 tanquam
1619 1553 1887 1618 domino
1954 1575 2121 1634 suo;
2194 1559 2265 1620 et
2327 1555 2471 1642 ipse
2531 1555 2825 1642 Rogerus

727 1652 1120 1720 defendebat
1163 1660 1379 1721 totam
1422 1655 1808 1743 praedictam
1837 1661 2085 1722 terram
2115 1677 2343 1724 versus
2386 1657 2694 1723 comitem
2740 1657 2822 1722 de

728 1757 1018 1823 servitiis
1061 1757 1576 1846 quibuscunque.
1669 1759 1985 1826 Processu
2042 1782 2198 1827 vero
2261 1760 2594 1848 temporis,
2648 1760 2825 1826 idem

728 1858 1042 1946 Rogems,
1087 1859 1392 1926 Emelina
1434 1883 1604 1928 uxor
1645 1883 1785 1942 sua,
1814 1862 2099 1929 Thomas
2142 1863 2320 1928 filius
2364 1863 2719 1930 eorundem
2759 1867 2830 1928 et

728 1961 844 2026 alii
902 1963 1174 2028 heredes
1239 1963 1360 2042 sui,
1422 1965 1874 2031 vendiderunt
1948 1965 2139 2031 nobis
2201 1988 2321 2053 pro
2386 1965 2525 2031 xiii.
2594 1965 2829 2031 marcis

730 2068 942 2130 totam
1009 2087 1196 2133 suam
1261 2066 1606 2132 dimidiam
1673 2072 2045 2134 carucatam
2104 2067 2349 2150 terrae?
2410 2068 2609 2134 simul
2678 2091 2827 2134 cum

729 2173 906 2233 terra
949 2169 1032 2234 de
1079 2169 1284 2248 Mora,
1341 2175 1412 2237 et
1469 2192 1614 2236 eam
1679 2170 1943 2258 integre
2008 2193 2126 2258 per
2192 2171 2499 2238 baculum
2562 2171 2827 2236 domino

727 2269 1088 2337 willielmo
1117 2272 1343 2338 comiti
1371 2272 1801 2340 Albemarliae
1844 2273 1918 2339 in
1961 2274 2145 2339 curia
2186 2296 2307 2340 sua
2352 2273 2783 2341 reddiderunt
2810 2299 2827 2355 ;

727 2383 798 2438 et
842 2395 1034 2440 omne
1072 2374 1187 2461 jus
1255 2375 1434 2461 quod
1491 2374 1580 2440 ad
1639 2397 1748 2442 eos
1807 2376 2187 2463 pertinebat
2246 2376 2670 2462 abjurarunt3
2729 2378 2828 2441 ita

728 2477 906 2562 quod
972 2476 1102 2563 ipsi
1143 2477 1232 2542 ab
1292 2478 1474 2543 omni
1539 2479 1812 2543 servitio
1876 2478 2054 2565 quod
2117 2479 2203 2543 ad
2268 2478 2515 2544 dictam
2584 2483 2826 2544 terram

725 2579 1102 2665 pertinebat
1169 2580 1379 2667 quieti
1442 2580 1930 2668 imperpetuum
1990 2585 2419 2646 remanerent.
2512 2581 2825 2648 Retinue-

727 2687 889 2747 runt
950 2682 1080 2748 sibi
1138 2687 1362 2749 tamen
1423 2684 1555 2749 duo
1615 2684 2009 2762 molendina,
2055 2704 2263 2750 unum
2314 2683 2711 2749 ventricium
2756 2689 2827 2749 et

727 2784 914 2851 aliud
957 2784 1383 2872 aquaticum,3
1413 2791 1482 2852 et
1511 2808 1722 2852 unum
1767 2786 2061 2853 clausum
2092 2786 2180 2852 ad
2210 2786 2595 2853 orientalem
2624 2789 2824 2854 finem

728 2888 908 2954 villae
939 2888 1022 2953 de
1049 2888 1342 2971 Beforth,
1375 2888 1552 2976 quod
1584 2891 1782 2956 modo
1812 2894 1913 2957 est
1942 2890 2225 2978 parcella
2251 2890 2547 2979 grangias
2576 2896 2822 2957 nostrae

728 2991 810 3055 de
841 2990 1011 3058 Croo
1039 2989 1082 3073 3⁴
1127 3013 1246 3078 per
1275 3014 1422 3079 quae
1451 2990 1893 3058 defendebant
1920 2998 2139 3059 totum
2166 2992 2503 3059 residuum
2533 2992 2823 3079 ipsarum

727 3093 1008 3159 duarum
1073 3099 1528 3161 carucatarum
1589 3094 1829 3161 tenae.⁵
1929 3095 2171 3162 Postea
2232 3094 2521 3181 quidem,
2586 3096 2823 3162 Petrus

723 3196 902 3263 filius
947 3202 1016 3263 et
1074 3197 1262 3265 heres
1321 3196 1684 3285 supradicti
1752 3198 2023 3265 Thomae
2089 3198 2171 3265 de
2235 3195 2627 3285 Greynesby
2678 3199 2825 3285 ipsa

723 3300 856 3365 duo
899 3299 1278 3367 molendina
1319 3305 1390 3366 et
1433 3301 1728 3367 clausum
1772 3300 2081 3367 vendidit
2126 3300 2354 3367 comiti
2399 3299 2821 3368 Albemarliae

722 3402 876 3489 qui⁰
919 3409 1084 3470 tunc
1125 3404 1258 3469 fuit
1282 3403 1336 3482 3⁶
1382 3404 1498 3490 qui
1528 3426 1608 3470 ea
1649 3404 1722 3469 in
1750 3425 1955 3470 manu
1984 3426 2105 3470 sua
2132 3404 2477 3490 aliquanto
2520 3402 2821 3484 retinuit,

721 3512 793 3572 et
836 3507 1096 3573 demum
1103 3504 1150 3588 ‚⁷
1193 3512 1349 3573 ante
1407 3507 2015 3574 transfretationem
2075 3526 2262 3572 suam
2331 3506 2819 3593 lerosolymam,

716 3631 802 3675 ea
842 3609 1127 3676 contulit
1169 3610 1566 3676 monasterio
1608 3613 1839 3675 nostro
1867 3634 1884 3675 z
1931 3610 2005 3676 in
2048 3608 2237 3696 cujus
2280 3609 2481 3675 clausi
2525 3611 2820 3689 confini0,

719 3711 796 3777 in
840 3712 1174 3779 territorio
1230 3713 1314 3779 de
1376 3712 1851 3801 Drynghowe‚⁸
1892 3712 2240 3801 grangiam
2257 3710 2285 3748 ⁹
2330 3712 2412 3779 de
2458 3711 2629 3778 Oroo
2673 3733 2825 3778 con-

715 3817 1087 3881 struximus
1115 3839 1134 3898 ;
1161 3811 1212 3851 ¹⁰
1283 3816 1456 3882 sicut
1519 3816 1596 3881 in
1669 3822 1964 3903 tempore
2040 3814 2379 3882 Michaelis
2452 3815 2714 3881 abbatis
2778 3819 2819 3879 8

721 3923 952 4007 postea
991 3918 1332 3985 referetur.
1418 3917 1578 3985 Post
1620 3923 1899 3985 mortem
1943 3940 2102 3985 vero
2147 3916 2407 4005 praefati
2454 3918 2695 4007 Rogeri
2738 3919 2822 3984 de

791 4172 804 4207 ¹
827 4174 1066 4241 suerunt]
1105 4180 1238 4236 sunt,
1260 4172 1321 4225 P.
1766 4184 1775 4267 1
1883 4173 1904 4205 ⁵
1937 4173 2104 4240 εει-να]
2142 4174 2369 4240 wanting
2388 4172 2445 4224 in
2467 4172 2528 4225 Ρ.

789 4258 810 4287 ²
841 4255 993 4306 After
1017 4262 1156 4305 ίαν-ω
1179 4240 1365 4317 ‘insci-t,
1387 4260 1534 4305 extra
1565 4253 1724 4305 fossa-
1883 4256 1905 4284 ⁶
1934 4255 2021 4319 qui
2040 4254 2265 4319 andsuit
2286 4255 2515 4323 wanting
2534 4257 2591 4307 in
2614 4255 2677 4309 Ρ.

723 4342 834 4387 tum
854 4334 1010 4397 villae,
1033 4334 1095 4385 P.
1882 4334 1901 4362 '
1933 4332 2141 4400 demum]
2181 4341 2369 4398 postea,
2392 4334 2451 4384 P.

790 4417 810 4446 ⁸
843 4431 986 4465 unm
1009 4452 1023 4466 .
1059 4451 1072 4465 .
1110 4452 1122 4465 .
1157 4412 1462 4480 aquaticum]
1498 4412 1726 4479 wanting
1768 4447 1773 4465 2
1883 4414 1903 4443 ⁸
1938 4414 1989 4463 in
2042 4413 2186 4479 cuju-9
2220 4449 2234 4465 .
2267 4450 2281 4465 .
2318 4450 2335 4464 .
2366 4412 2652 4483 Drynqhow

712 4494 780 4546 ·in
802 4494 848 4545 r
1767 4466 1775 4587 ι
1816 4491 2021 4553 ibidem,
2044 4492 2105 4543 P.

711 4572 1728 4641 ,⁴adorienta1m...Ct-oo]infi·e

723 4654 914 4706 fossata
966 4656 1028 4705 de
1080 4654 1292 4705 Beforth
1337 4654 1472 4719 quod
1515 4660 1728 4705 vocatur

721 4735 958 4795 Bal-omn,
997 4733 1085 4784 ubi
1128 4749 1264 4785 nunc
1300 4732 1515 4799 grangia
1551 4739 1726 4784 nostra

722 4816 786 4867 dc
807 4812 940 4867 Creo
963 4820 1039 4864 est
1062 4804 1258 4871 situata,
1281 4802 1343 4863 P.

1883 4572 1904 4601 ⁸
1936 4572 2089 4622 Aster
2105 4572 2365 4639 qranqiam
2399 4572 2555 4624 insert
2589 4583 2814 4626 nostram

1816 4658 2063 4713 vocatam,
2084 4652 2145 4701 P.

1886 4732 1924 4763 ¹·
1955 4730 2333 4799 construximus]
2370 4731 2663 4797 feceramus,
2684 4734 2747 4787 P.

2848 1543 2978 1586 ants.
