3519 5734
806 793 938 858 280
1409 803 1688 857 ‘mons
1729 791 1949 856 Asius
1990 790 2301 856 TERTIUS.

471 991 784 1054 A.D.1197‚
807 971 1157 1072 cognatam
1200 987 1408 1075 ipsius
1475 983 1761 1064 Ricardi,
1802 983 2129 1070 acciperet
2191 983 2265 1049 in
2324 1006 2640 1066 uxorem3
2706 1007 2895 1052 econ-

479 1066 501 1109 ¹
515 1063 622 1110 ¹⁹⁸⁸
807 1094 1043 1175 traque
1115 1112 1236 1155 rex
1311 1089 1632 1154 Ricardus
1693 1087 1915 1174 ipsum
1990 1086 2357 1152 Gisortium
2424 1093 2495 1153 et
2536 1111 2647 1154 XX.
2716 1090 2898 1156 mille

807 1214 1058 1257 marcas
1123 1192 1254 1281 ipsi
1321 1193 1670 1259 Lodowico
1714 1189 1791 1254 in
1854 1190 2352 1256 matrimonium
2412 1213 2563 1257 cum
2625 1192 2905 1280 praefata

475 1286 737 1404 {ortifica-
809 1300 1092 1381 cognata
1135 1318 1255 1360 sua
1297 1296 1729 1382 consignaret.
1846 1291 2031 1358 Tunc
2074 1315 2195 1357 rex
2237 1294 2559 1359 Ricardus
2602 1294 2901 1361 incastel-

501 1369 588 1404 lon
609 1353 671 1404 of

475 1423 563 1470 the
583 1429 684 1470 m,
809 1397 980 1461 lavit
1023 1398 1188 1464 duas
1233 1400 1484 1464 insulas
1527 1398 1610 1462 de
1654 1394 1936 1481 Andely.
2030 1395 2309 1482 Propter
2345 1397 2525 1483 quod
2570 1395 2903 1463 Walter-us

473 1487 666 1604 ἓξὲξ
687 1486 749 1604 (ξ
809 1498 1331 1591 archiepiscopus
1393 1497 1945 1586 Rothomagensis
2004 1497 2359 1564 interdixit
2417 1499 2721 1565 divinum
2767 1499 2906 1564 offi-

648 1570 682 1618 Υ
737 1569 775 1620 Y
850 1603 864 1616 .

476 1621 714 1670 Richard.
811 1625 985 1669 cmm
1028 1604 1098 1669 in
1149 1605 1312 1671 urbe
1357 1601 1877 1688 Rothomagensi
1943 1604 2014 1665 et
2073 1600 2147 1663 in
2205 1601 2907 1689 circumadjacentibus

475 1700 731 1826 ssssutilggf
811 1709 1108 1775 ecclesiia.
1201 1710 1346 1775 Hoc
1390 1730 1566 1774 anno
1597 1707 1769 1773 obiit
1798 1704 2190 1771 Willielmus
2236 1704 2538 1792 Elyensis
2568 1706 2907 1796 episcopus

476 1834 658 1899 simol,
680 1834 740 1885 of
812 1811 1060 1876 dudum
1104 1811 1278 1898 regis
1321 1810 1743 1876 cancellarius
1794 1807 1866 1871 in
1924 1807 2089 1871 urbe
2140 1807 2534 1887 Pictavensi,
2577 1814 2648 1876 et
2692 1809 2907 1896 sepul-

477 1901 594 1965 Ely.
662 1978 674 1991 .
811 1920 923 1980 tus
967 1918 1067 1979 est
1109 1915 1182 1979 in
1227 1914 1625 1980 monasterio
1655 1911 1833 1999 quod
1880 1908 2127 1974 dicitur
2152 1911 2239 1976 ad
2284 1913 2542 1979 Pinum.
2621 1912 2905 1978 Interim
2929 1907 2995 1959 Β·
3016 1908 3239 1974 Ilignea,

477 1979 698 2097 ffiffingl
810 2015 1116 2072 Hubertus
1154 2015 1592 2073 cantuariensis
1628 2013 2099 2085 archiepiscopus
2134 2015 2481 2100 apostolicas
2518 2022 2579 2072 et
2611 2017 2809 2088 regias
2844 2017 2909 2070 in
2929 1977 3025 2027 σοι·
3046 1982 3195 2029 2410.

483 2113 716 2231 Ymffi
809 2107 1029 2180 Anglia
1061 2109 1222 2164 ‘'100ss
1263 2128 1494 2182 gerens,
1535 2117 1769 2166 mortuo
1810 2113 1935 2184 jam
1982 2101 2282 2167 Galfrido
2318 2109 2671 2166 Eboraccnsi
2720 2108 2907 2165 archi-

477 2179 659 2310 {Iffhop
681 2205 742 2296 οἱ·
811 2201 1100 2275 episcopo,
1137 2203 1468 2260 Eboracum
1503 2204 1650 2262 adiit
1683 2209 1746 2260 ct
1780 2207 2089 2263 concilium
2126 2203 2463 2263 celebravit.

479 2312 692 2364 Canter-

478 2380 626 2445 bury,
649 2393 707 2429 as

479 2454 672 2513 regent.

814 2525 974 2594 OAP.
1008 2526 1302 2594 XXVII.
1348 2527 1448 2594 De
1489 2527 1949 2614 superstitioso
1993 2527 2288 2615 quodam
2348 2526 2707 2594 willielmo
2750 2547 2909 2593 cum

991 2629 1195 2714 lo‘nqa
1247 2629 1452 2696 barba
1469 2655 1496 2709 ;
1565 2630 1643 2695 dc
1701 2630 1998 2716 quodam
2052 2630 2300 2698 Sancto
2342 2629 2638 2696 Fidcom
2692 2651 2911 2715 regem

991 2731 1378 2797 Ricardum
1423 2738 1502 2798 ut
1543 2731 1747 2817 filias
1812 2755 1974 2798 meas
2017 2732 2282 2819 ‘nuptui
2326 2733 2616 2798 traderet
2656 2754 2912 2799 artimo-

989 2839 1189 2900 ‘nente
1211 2857 1239 2913 ;
1283 2841 1343 2901 et
1389 2834 1468 2901 dc
1515 2834 1935 2902 libertatibus
1977 2836 2387 2903 momsterio
2432 2834 2765 2903 concess-is.

477 3011 616 3064 A.D.
643 3016 790 3063 1196.
904 2991 996 3057 Et
1063 2994 1223 3057 dum
1297 3015 1416 3058 rex
1485 2994 1805 3059 Ricardus
1870 2995 1945 3060 in
2009 2996 2079 3060 N
2082 2996 2422 3063 ormannia
2486 2980 2569 3062 'et
2631 2995 2913 3060 Francia
2933 3001 3145 3054 Ibidem.

479 3092 668 3155 Philip,
815 3095 1087 3181 negotia
1131 3097 1519 3182 praescripta
1577 3102 1928 3176 exerceret,
1973 3100 2257 3186 septimo
2319 3120 2495 3163 anno
2540 3099 2728 3185 regni
2788 3098 2912 3177 sui,

479 3158 634 3283 80ξὲἶῖ
650 3158 760 3275 (ἔξω
817 3194 931 3253 dno
968 3204 1134 3253 erant
1169 3198 1273 3269 qui
1307 3199 1436 3270 pari
1471 3200 1769 3271 proposito
1806 3200 1914 3255 sed
1950 3200 2174 3272 dispari
2198 3219 2375 3257 causa
2408 3202 2713 3257 commoda
2744 3200 2915 3273 regia

481 3290 710 3340 william
821 3308 1086 3360 quaerere
1143 3290 1512 3347 videbantur.
1594 3292 1795 3348 Abbas
1842 3312 2095 3365 namque
2138 3293 2515 3351 cadomensis
2569 3286 2915 3372 Philippus

477 3356 791 3425 1⁴⁰³ng
817 3406 992 3461 unus
1055 3390 1200 3450 erat
1263 3385 1378 3471 qui
1443 3393 1712 3449 fraudem
1766 3395 2103 3451 officialium
2156 3397 2457 3467 regiorum
2508 3398 2664 3470 apud
2709 3414 2914 3468 regem

817 3486 1109 3557 culpabat.
1185 3486 1443 3557 Ideoque
1491 3487 1861 3542 insolentiam
1896 3506 2100 3543 eorum
2154 3505 2289 3544 cum
2343 3490 2539 3559 quiete
2591 3490 2914 3561 provincia-

817 3571 966 3625 lium
1002 3569 1403 3641 castigandam
1439 3572 1562 3627 fore
1599 3572 1893 3629 censebat.
1958 3572 2315 3629 Willielmus
2352 3592 2487 3629 cum
2521 3575 2700 3646 longa
2732 3574 2915 3629 barba

816 3655 986 3718 alter
1033 3653 1181 3731 fust,
1226 3654 1342 3740 qui
1405 3663 1776 3719 insolentiam
1838 3664 2111 3731 divitum,
2175 3666 2278 3737 qui
2336 3668 2591 3739 propriis
2662 3667 2912 3723 fortunis

824 3758 1129 3826 parcentes
1188 3773 1474 3826 pauperes
1525 3756 1860 3821 onerabant,
1925 3758 2156 3813 fortiter
2214 3760 2526 3815 accusabat
2609 3799 2623 3814 .
2703 3800 2719 3815 .
2798 3799 2813 3815 .
2892 3801 2907 3816 .

814 3837 1043 3904 Abbas
1086 3854 1282 3905 autem
1326 3846 1396 3905 et
1442 3838 1837 3906 willielmus
1881 3840 2141 3927 praefati
2186 3868 2383 3906 mense
2420 3851 2728 3907 Februarii
2762 3852 2912 3907 Lon-

816 3950 1020 4006 donias
1065 3949 1394 4016 venerunt,¹
1430 3946 1501 4007 et
1543 3940 1748 4007 abbas
1792 3951 2074 4023 proesides
2123 3932 2573 4025 provinciarum*
2610 3954 2684 4009 ad
2732 3953 2909 4010 ratio·

815 4052 972 4108 cinia
1021 4069 1129 4108 sua
1179 4052 1474 4108 reddenda
1524 4052 1791 4109 districte
1840 4055 2124 4111 convenit.
2219 4045 2584 4111 Dicebatur
2625 4067 2911 4133 namque

814 4145 994 4231 quod
1039 4144 1256 4212 dictus
1307 4144 1514 4211 abbas
1557 4144 1904 4234 Philippus
1948 4153 2017 4213 et
2060 4146 2404 4237 Philippus
2450 4148 2910 4214 Dunelmensis

816 4246 1059 4312 electus
1103 4253 1172 4312 et
1215 4248 1434 4334 plures
1477 4246 1593 4311 alii
1636 4248 2008 4315 transmissi
2050 4249 2317 4316 fuerunt
2359 4274 2401 4316 a
2441 4272 2598 4336 rege
2629 4248 2909 4315 Ricardo

816 4370 859 4412 a
901 4347 971 4411 Ν
973 4350 1314 4414 ormannia
1357 4350 1430 4414 in
1473 4347 1803 4437 Angliam‚
1851 4355 1930 4416 ut
1988 4373 2107 4437 per
2154 4352 2445 4439 singulas
2490 4352 2797 4419 civitates
2840 4357 2911 4417 et

816 4448 1012 4514 villas
1066 4448 1421 4537 diligenter
1485 4452 1901 4537 inquirerent
1952 4460 2273 4539 quantum
2337 4455 2613 4542 quisque
2680 4460 2911 4521 contu-

1531 4689 1546 4722 ¹
1571 4690 1827 4758 venerunt]
1852 4692 2010 4755 venit,
2032 4691 2095 4743 B.
2122 4692 2191 4743 H.
