3519 5734
734 817 827 882 84
1404 823 1604 877 mm
1646 822 1866 876 Annas
1907 823 2186 876 ramus.

738 1001 1075 1070 monachis
1140 1003 1212 1067 in
1277 1021 1510 1088 puram
1574 1003 1645 1066 et
1706 1003 2098 1087 perpetuam
2176 996 2658 1085 eleemosynam
2733 1003 2838 1066 est

739 1108 1036 1194 largitus,
1076 1107 1160 1172 ut
1200 1102 1343 1192 ipse
1386 1103 1647 1180 Petrus,
1692 1101 2029 1168 occasione
2091 1099 2290 1168 dictae
2345 1099 2668 1188 changiae,
2711 1101 2854 1167 eis--

740 1209 891 1274 dem
916 1208 935 1247 ¹
982 1206 1320 1274 monachis
1358 1205 1573 1292 ipsam
1616 1208 1866 1271 terram
1909 1222 2098 1270 suam
2141 1201 2216 1266 in
2257 1201 2568 1291 Waghna
2610 1208 2840 1291 postea

740 1315 1055 1399 erogaret.
1142 1309 1281 1377 Sed
1310 1321 1317 1326 “
1343 1313 1570 1376 tamen
1634 1305 2030 1393 praedietum
2099 1303 2378 1370 Petrum
2443 1311 2570 1373 aut
2629 1307 2842 1396 ipsius

741 1418 1123 1480 tenementa
1184 1430 1325 1478 non
1387 1409 1746 1476 voluerunt
1811 1405 2188 1494 aliqualiter
2249 1407 2573 1489 obtinere,
2631 1409 2841 1478 donec

740 1520 895 1605 post
954 1518 1045 1584 99
1104 1535 1317 1582 annos
1374 1513 1545 1579 alter
1605 1510 1862 1592 Petrus,
1929 1509 2115 1596 cujus
2180 1511 2542 1598 praedictus
2599 1513 2839 1582 Petrus

740 1641 909 1686 avus
949 1619 1187 1699 fuerat,
1229 1616 1303 1682 in
1346 1637 1470 1682 sua
1510 1612 1753 1680 ultima
1793 1617 2134 1680 senectute
2174 1635 2246 1680 se
2272 1615 2418 1682 fieri
2445 1618 2840 1684 monachum

746 1721 1114 1809 postulavit
1180 1725 1252 1787 et
1312 1717 1610 1786 obtinuit
1635 1740 1654 1799 ;
1676 1713 1707 1751 ²
1765 1721 1834 1782 et
1899 1719 2082 1798 tune,
2155 1715 2374 1783 divisa
2447 1718 2837 1803 hereditate,

744 1825 1061 1913 quicquid
1124 1823 1255 1890 sibi
1310 1819 1726 1909 competebat
1787 1817 2035 1885 eisdem
2093 1820 2430 1887 monachis
2473 1823 2838 1909 relaxavit3

747 1934 828 1995 ut
888 1928 965 1996 in
1020 1926 1465 2015 seq-uentibuS,
1506 1927 1805 2010 tempore
1871 1921 2124 1987 domini
2191 1922 2533 1992 Michaelis
2575 1926 2840 1996 abbatis

748 2030 987 2109 octavi,
1026 2030 1365 2098 referetur.
1446 2025 1808 2092 Ecclesiam
1851 2024 2058 2091 etiam
2078 2023 2105 2062 ⁸
2152 2025 2234 2092 de
2260 2026 2570 2116 Waghna
2611 2031 2844 2100 multis

744 2133 1251 2201 adversantibus
1338 2129 1551 2196 causis
1564 2129 1595 2168 ¹
1667 2149 2011 2214 nunquam
2101 2129 2529 2215 possidebant
2550 2157 2572 2199 ε
2657 2135 2842 2222 cujus

744 2236 1014 2322 quidem
1034 2233 1063 2272 ⁶
1126 2232 1437 2301 clamium
1510 2230 1996 2318 archiepiscopo
2057 2230 2457 2299 Eboracensi
2527 2237 2794 2303 tandem
2815 2236 2843 2276 ⁶

742 2338 1153 2416 relaxabant,
1228 2337 1403 2404 sicut
1476 2333 1553 2400 in
1624 2338 1923 2420 tempore
1966 2332 2220 2400 domini
2265 2334 2536 2402 Ricardi
2579 2339 2844 2406 abbatis

744 2437 791 2511 '7
849 2439 1184 2508 constabit
1240 2444 1471 2526 postea
1527 2432 1998 2502 manifestum.⁷
2104 2435 2296 2502 Idem
2363 2438 2568 2505 etiam
2631 2463 2845 2510 comes

744 2543 935 2609 dedit
977 2542 1174 2610 dictis
1216 2539 1559 2607 monachis
1582 2537 1589 2544 ’
1616 2537 1970 2606 tresdecim
2029 2560 2211 2606 acras
2269 2544 2465 2607 terrae
2510 2549 2580 2609 et
2619 2551 2844 2632 pastu-

412 2659 657 2711 Hotona.·
743 2669 887 2711 ram
932 2644 1281 2712 tresdecim
1325 2643 1542 2711 vaccis
1600 2642 1676 2707 in
1718 2641 1994 2708 Hotona
2053 2642 2130 2707 in
2175 2642 2730 2731 Why-tbystmnd,
2773 2655 2843 2716 et

408 2764 689 2830 Eggetona.
744 2747 1243 2818 heremitorium
1315 2745 1547 2812 Sancti
1614 2744 1940 2812 Leonardi
2002 2744 2207 2829 juxta
2279 2745 2695 2835 Eggetonam
2771 2752 2845 2817 in

543 2844 554 2857 ’
744 2850 1309 2939 Whytbystrand‚
1364 2849 1439 2916 in
1509 2851 1896 2937 perpetuam
1969 2846 2470 2937 eleemosynam.
2527 2886 2530 2890 ·
2587 2854 2717 2921 Sed
2789 2855 2848 2923 si

744 2954 947 3020 dictae
1004 2975 1177 3020 acrae
1238 2958 1453 3033 terrae,
1500 2958 1775 3039 pastura
1841 2954 1912 3017 et
1975 2950 2492 3035 heremitorium,
2550 2979 2848 3045 unquam

744 3058 821 3123 in
863 3056 1267 3145 possessione
1313 3055 1642 3121 dictorum
1700 3052 2174 3121 monachorum
2233 3058 2693 3145 persistebant,
2740 3061 2848 3128 vel

742 3160 805 3227 si
892 3182 1181 3248 possessa
1271 3158 1559 3247 qualiter
1630 3156 1902 3225 fuerunt
1917 3155 1946 3197 ⁹
2019 3157 2326 3241 alienata,
2399 3160 2528 3228 hiis
2617 3164 2849 3230 diebus

746 3262 1019 3331 minime
1060 3262 1403 3352 reperitur.

1133 3468 1294 3475 ,μ-

1645 3467 1728 3474 --
1741 3470 1771 3473 --

820 3587 834 3617 ¹
871 3594 929 3637 ut
957 3622 974 3638 .
1006 3620 1024 3639 .
1058 3624 1073 3639 .
1097 3586 1297 3653 eisdem]
1334 3588 1598 3640 occasione
1614 3589 1761 3654 cujus
1843 3604 1964 3653 pore
2018 3590 2174 3642 etiam
2227 3589 2382 3655 hujus
2437 3592 2630 3644 abbatis
2680 3592 2846 3659 primi,

752 3664 985 3731 changiae
1006 3667 1115 3732 ipse
1135 3665 1317 3718 Petrus
1339 3666 1506 3729 dictis,
1528 3668 1591 3719 P.
1843 3668 2099 3721 Henricus
2171 3669 2575 3736 archiepiscopus
2651 3672 2844 3723 Ebora-

819 3746 841 3776 ²
871 3746 1103 3813 obtinuit]
1140 3748 1412 3811 optinebat,
1435 3747 1496 3798 P.
1843 3748 2009 3800 censis
2039 3748 2165 3801 alias
2207 3756 2365 3801 terras
2397 3749 2550 3801 dictis
2585 3752 2848 3803 monachis

822 3826 843 3856 ⁸
872 3826 1045 3891 etiam]
1082 3826 1303 3891 insuper,
1322 3828 1387 3879 P.
1839 3828 1896 3877 in
1957 3828 2196 3895 Waghna
2243 3831 2558 3890 concedebat,
2605 3830 2740 3883 sicut
2792 3830 2848 3881 in

820 3906 841 3934 ⁴
873 3903 1245 3957 adversantibus
1264 3906 1457 3973 causis]
1483 3906 1647 3959 causis
1668 3908 1756 3959 ad-
1841 3907 2064 3973 capitulo
2133 3908 2344 3975 [blank]
2415 3909 2706 3975 proximum
2771 3924 2848 3963 se-

750 3984 1081 4047 versantibus,
1101 3986 1163 4036 P.
1842 3994 2025 4052 quente
2043 3986 2318 4053 apparebit,
2340 3988 2402 4040 P.

820 4065 842 4094 ⁸
872 4064 1084 4131 quidem]
1124 4066 1349 4133 wanting
1370 4066 1426 4116 in
1446 4066 1509 4119 P.
1907 4068 1928 4097 ⁸
1958 4066 2112 4118 Alter
2133 4066 2334 4121 Hotona
2355 4068 2516 4121 insert
2537 4069 2592 4120 in
2609 4066 2848 4134 whitby-

818 4144 841 4173 ⁸
872 4142 1089 4210 undem]
1126 4153 1314 4210 postea,
1334 4146 1395 4197 P.
1843 4148 2031 4210 strand,
2052 4147 2115 4198 P.

814 4223 837 4253 ‘¹
870 4222 1023 4274 Afler
1058 4226 1367 4291 manifestum
1406 4226 1581 4291 insert,
1603 4224 1756 4279 Tem-
1910 4228 1932 4257 ⁹
1947 4227 2187 4294 fumat]
2225 4228 2438 4291 fuerant,
2461 4230 2522 4281 P.
