3519 5734
269 1518 326 1569 J.
351 1518 578 1584 Brompt.

271 1586 366 1635 col.
395 1590 540 1637 1197.

270 1650 396 1700 Ben.

269 1718 458 1767 Petrib.

271 1788 458 1847 p.544.

277 2246 329 2297 J.
353 2248 583 2313 Brompt.

276 2314 370 2365 col.
401 2321 524 2365 1195

1206 824 1486 875 monus
1529 825 1748 875 ABBAs
1794 826 2095 877 TER-nus
2572 813 2699 875 255

604 1132 768 1199 CAP.
803 1132 984 1198 XVI.
1031 1132 1132 1199 De
1162 1130 1514 1199 discordia
1542 1132 1728 1198 inter
1753 1154 1933 1218 ‘reyes
1974 1130 2257 1217 Anylioe
2303 1140 2363 1198 et
2392 1132 2707 1199 Francioe
2729 1148 2766 1199 f.
2790 1153 2875 1201 35.

781 1235 867 1300 in
894 1234 1150 1302 Sicilia
1168 1260 1194 1312 ,·
1228 1234 1308 1300 de
1337 1234 1852 1322 desponsatione
1879 1234 2059 1319 reyis
2082 1234 2380 1301 Ricardi
2408 1234 2664 1300 ibidem
2686 1262 2707 1312 ,-
2883 1242 2888 1253 ’

785 1344 844 1403 et
889 1336 970 1403 de
1013 1336 1409 1421 coyno‘rm'sne
1455 1337 1635 1423 reyis
1679 1336 1994 1403 Ricardi.

697 1507 977 1572 Ricardo
1021 1511 1246 1573 autem
1290 1529 1444 1594 rege
1487 1507 1664 1594 apud
1729 1506 2100 1571 Messanam
2162 1507 2235 1571 in
2305 1506 2528 1572 Sicilia
2594 1507 2711 1571 ali-
2735 1518 2875 1568 ΑΒ.
2900 1524 3041 1569 1190.

610 1609 904 1694 quandiu
952 1615 1414 1688 commorante,
1463 1630 1604 1674 ecce
1649 1608 1969 1674 Alienora
2020 1614 2237 1675 mater
2278 1631 2399 1673 sua
2442 1614 2512 1674 et
2557 1608 2713 1673 Phi·
2736 1608 2992 1687 Max-finge

607 1712 824 1797 lippus
867 1734 1082 1777 comes
1113 1712 1446 1777 Flandriae
1489 1711 1916 1777 adduxerunt
1944 1712 2033 1775 ad
2061 1733 2213 1775 eum
2244 1710 2711 1797 Barengariam
2736 1677 3035 1792 ζῖξιῗξῗά

609 1813 818 1878 filiam
880 1815 1052 1901 regis
1117 1814 1582 1891 Naverrorum,
1627 1814 1956 1899 virginem
2018 1812 2315 1899 pulcram
2378 1818 2448 1876 et
2508 1812 2709 1876 diser·
2734 1808 2980 1873 rengaria.

610 1920 771 1994 tam,
817 1937 1017 2001 quam
1079 1938 1198 1981 rex
1265 1916 1588 1980 Ricardus
1653 1916 1901 1981 ibidem
1963 1916 2247 1981 duxerat
2304 1914 2378 1978 in
2422 1936 2710 1980 uxorem.

615 2018 774 2083 Post
817 2018 1088 2104 nuptias
1132 2022 1379 2096 autem,
1411 2017 1724 2083 Alienora
1764 2017 1852 2081 ad
1886 2018 2150 2104 propria
2194 2023 2295 2082 est
2338 2038 2613 2094 reversa,
2644 2022 2712 2081 et

613 2120 1016 2207 Barengaria
1057 2121 1234 2207 regis
1300 2119 1544 2205 conjux
1607 2141 1755 2184 cum
1803 2119 1848 2185 J
1852 2120 2113 2184 ohanna
2175 2120 2403 2206 regina.
2466 2118 2711 2183 Siciliae

609 2222 1006 2287 remanebat.
1095 2222 1524 2287 Postmodum
1569 2226 1811 2301 autem,
1842 2222 2117 2287 visitata
2160 2221 2405 2287 Sancta
2446 2222 2499 2283 A
2510 2220 2715 2306 gatha
2738 2218 2972 2269 Tancred

611 2325 1014 2404 Atteniensi,
1059 2346 1206 2390 cum
1274 2344 1394 2388 rex
1449 2323 1772 2387 Ricardus
1816 2344 2043 2388 versus
2088 2322 2331 2387 Acram
2376 2322 2505 2388 iter
2551 2323 2713 2387 arri-
2740 2301 2967 2402 {ffigrd
2991 2353 3059 2401 of

611 2427 878 2512 puisset‚
943 2425 1335 2502 Tancredus,
1403 2426 1577 2489 datis
1639 2425 1923 2489 Ricardo
1999 2424 2403 2505 muneribuS‚
2482 2430 2550 2489 et
2630 2418 2948 2534 15ξ11ῑ1ῑξ8

611 2529 816 2614 galeis
878 2550 1027 2593 cum
1089 2528 1362 2593 armatis
1408 2533 1477 2591 et
1524 2528 1564 2589 2
1608 2525 1895 2590 navibus
1948 2546 2094 2589 cum
2141 2524 2539 2590 victualibus
2582 2524 2712 2588 sibi
2785 2500 2871 2535 επ
2910 2501 3014 2550 ‘³¹7'

613 2631 686 2693 in
731 2630 1278 2716 peregrinationis
1321 2652 1458 2695 suae
1502 2628 1871 2693 subsidium
1916 2627 2279 2703 attributis,
2309 2649 2459 2691 eum
2492 2650 2533 2691 a
2560 2648 2710 2713 rege

615 2730 916 2796 Franciae
961 2730 1270 2817 Philippo
1313 2731 1629 2795 monebat
1671 2750 2056 2816 praecavere.
2168 2728 2300 2807 Qui
2367 2729 2712 2816 Philippus

617 2831 743 2921 ipsi
791 2832 1140 2910 Tancred0‚
1188 2833 1344 2898 dum
1409 2832 1623 2898 adhuc
1683 2854 1834 2898 cum
1896 2853 2048 2919 rege
2116 2831 2399 2898 Ricardo
2462 2833 2710 2900 discors

617 2940 806 3016 esset,
874 2934 1134 3000 litteras
1197 2934 1572 3000 destinabat
1632 2940 1714 2999 ut
1771 2939 2007 2999 contra
2068 2956 2290 3022 regem
2356 2935 2715 3000 Ricardum

616 3059 886 3125 guerras
932 3037 1367 3112 continuaret,
1412 3042 1481 3101 et
1525 3038 1664 3123 ipse
1708 3058 1829 3101 rex
1876 3035 2175 3102 Franciae
2240 3038 2493 3102 dictum
2541 3038 2717 3102 Tan-

613 3139 880 3204 credum
950 3144 1177 3204 contra
1243 3161 1462 3225 regem
1529 3138 1887 3202 Ricardum
1948 3139 2287 3218 refoveret,
2362 3140 2435 3205 in
2508 3141 2718 3226 ipsius

617 3241 889 3306 Ricardi
931 3247 1318 3328 perpetuam
1365 3240 1790 3304 eversionem.
1881 3240 1991 3304 Ad
2036 3240 2223 3326 cujus
2269 3240 2436 3306 dicti
2479 3242 2717 3306 testifi-

613 3346 959 3421 cationem,
990 3343 1251 3408 litteras
1295 3342 1482 3430 prius
1511 3364 1552 3405 a
1579 3363 1731 3427 rege
1782 3341 2081 3408 Franciae
2126 3343 2210 3406 ad
2256 3343 2471 3429 ipsum
2503 3349 2713 3408 trans-

613 3449 843 3511 missas
921 3445 1202 3510 Ricardo
1277 3445 1417 3532 regi
1491 3444 1895 3509 retradebat.
2006 3444 2219 3530 Super
2290 3445 2528 3530 quibus
2595 3468 2715 3509 rex

614 3548 934 3613 Ricardus
1007 3547 1359 3623 admirans,
1435 3567 1518 3610 ex
1593 3547 1852 3610 intimis
1926 3547 2265 3623 cruciatuS,
2342 3545 2713 3612 Messanam

555 3733 560 3742 ι
614 3650 829 3714 rediit.
925 3648 1057 3713 Sed
1099 3655 1326 3713 tamen
1370 3647 1458 3712 ad
1503 3648 1887 3733 Philippum
1930 3669 2151 3733 regem
2200 3648 2496 3714 Franciae
2541 3671 2718 3715 acce-

615 3752 768 3816 dere
814 3750 1290 3815 contemnebat.
1387 3750 1536 3814 Rex
1579 3756 1805 3814 autem
1853 3749 2025 3813 Fran
2034 3749 2150 3816 ciae
2194 3749 2401 3836 ipsius
2448 3751 2715 3816 Ricardi

614 3852 789 3939 regis
832 3853 1092 3917 tardam
1156 3851 1584 3915 accessionem
1651 3851 1738 3915 ad
1800 3873 1950 3915 eum
2018 3850 2401 3932 admiratuS,
2446 3853 2587 3918 fute
2655 3855 2719 3918 ei

617 3954 1008 4030 transmisit,
1050 3953 1392 4038 requirens
1439 3957 1704 4039 tempus
1751 3975 1879 4037 quo
1926 3952 2194 4018 classem
2242 3960 2309 4044 et
2354 3955 2709 4020 exercitum

615 4079 809 4123 suum
853 4077 1061 4142 usque
1089 4055 1354 4118 Terram
1387 4054 1698 4119 Sancta-m
1729 4061 2145 4140 praepararet.
2240 4055 2365 4122 Oui
2397 4055 2715 4120 Ricardus

613 4159 1066 4247 respondebat,
1114 4179 1308 4222 suum
1371 4155 1714 4221 consilium
1780 4156 2154 4222 adversario
2222 4179 2340 4222 suo
2401 4180 2533 4223 non
2580 4179 2716 4222 esse

615 4261 1165 4350 patefaciendum.
1261 4258 1393 4324 Sed
1463 4256 1902 4322 diffidentiam
1953 4260 2160 4345 ipsius
2204 4259 2377 4345 regis
2423 4260 2715 4346 Philippi

613 4365 742 4451 ipsi
789 4387 903 4450 per
947 4363 1210 4428 litteras
1270 4361 1568 4448 proprias
1635 4365 1867 4425 contra
1932 4383 2081 4426 eum
2148 4383 2219 4426 se
2285 4361 2356 4426 in
2426 4363 2711 4427 crastino

615 4468 1045 4554 probaturum
1133 4464 1484 4529 asserebat.
1621 4463 1967 4550 Philippus
2056 4469 2280 4529 autem
2358 4487 2496 4544 rex,
2573 4465 2711 4530 baec
2732 4477 2905 4541 Philip

615 4569 907 4647 audiena,
955 4568 1214 4632 litteras
1281 4565 1598 4652 quasdam
1658 4566 1851 4631 fictas
1913 4565 2112 4632 fuisse
2179 4567 2583 4654 perhibebat,
2632 4573 2711 4630 ut
2733 4545 2955 4661 ffi‘gffiffi

617 4673 865 4758 absque
911 4670 1144 4756 majori
1213 4670 1564 4749 calumnia,
1626 4675 1850 4757 spreta
1917 4669 2149 4757 copula
2190 4669 2427 4734 Aliciae
2477 4670 2712 4734 sororis
2734 4678 2857 4727 with
2879 4678 2965 4729 the
