3519 5734
849 805 984 869 262
1215 812 1224 819 ·
1457 817 1738 869 :mons
1780 817 2001 869 Annas
2045 818 2351 869 rnna-ms,

513 1000 656 1051 AD.
681 1005 706 1051 1
719 1006 828 1055 1⁹1.
851 992 1144 1059 civitatis
1187 993 1468 1071 relictas,
1517 992 1860 1059 Sari-aneni
1906 993 2181 1059 civitate
2226 991 2459 1059 inclusi
2518 992 2671 1079 igne
2718 990 2949 1057 Graeco

849 1095 1072 1161 subito
1147 1096 1658 1162 combusserunt.
1780 1096 1941 1161 Ideo
2014 1118 2171 1181 ergo
2244 1118 2365 1162 rex
2427 1095 2753 1164 Ricardus
2806 1095 2953 1180 regi

851 1196 1150 1263 Franciae
1192 1198 1503 1283 quasdam
1566 1198 1648 1263 de
1693 1198 1831 1263 suis
1890 1198 2213 1263 machinis
2276 1198 2635 1275 mutuavit,
2680 1202 2750 1263 et
2810 1196 2951 1282 ipse

851 1320 996 1365 cum
1041 1299 1316 1385 reliquis
1359 1300 1648 1365 viriliter
1692 1306 1794 1366 est
1839 1306 2167 1387 operatus.
2281 1300 2365 1365 In
2408 1305 2678 1365 tantum
2724 1304 2950 1364 autem

519 1412 662 1461 offer
682 1412 743 1461 of
849 1402 1168 1469 continua
1209 1407 1278 1468 et
1320 1401 1718 1489 asperrima¹
1770 1403 2175 1489 expugnatio
2222 1402 2519 1467 civitatis
2562 1401 2954 1489 perduravit

515 1480 824 1609 ἰξῗξξῖξξγ,
850 1504 1028 1590 quod
1067 1502 1274 1569 stater
1317 1504 1633 1581 saladini,
1665 1509 1885 1569 castos
1928 1504 2241 1584 civitatis,
2270 1504 2445 1590 ipsos
2472 1525 2659 1591 reges
2686 1502 2953 1588 Angliae

849 1612 920 1673 et
966 1606 1260 1671 Franciae
1303 1606 1680 1691 requirebat
1725 1612 1805 1670 ut
1848 1606 1989 1693 ipse
2034 1628 2181 1671 cum
2228 1606 2535 1671 omnibus
2577 1604 2952 1671 interclusis

849 1709 1189 1774 civitatem
1237 1709 1470 1784 exiret,
1514 1712 1584 1773 et
1627 1708 1861 1773 civitas
1906 1708 2001 1773 eis
2062 1709 2307 1793 absque
2366 1708 2665 1773 ulteriori
2726 1727 2953 1793 pugna

847 1810 1250 1876 redderetur.
1329 1809 1536 1895 Cujus
1563 1810 2059 1896 requisitionem
2101 1810 2231 1897 ipsi
2261 1810 2391 1874 duo
2432 1832 2621 1897 reges
2664 1814 2955 1875 contem-

850 1918 1088 1984 nentes
1133 1912 1418 1977 assultus
1463 1912 1756 1997 undique
1801 1912 2226 1978 renovabant
2339 1912 2431 1978 Et
2476 1934 2621 1979 ecce
2666 1912 2747 1977 de
2794 1931 2953 1997 qua-
2976 1926 3101 1976 Ben.

851 2016 1002 2081 dam
1075 2020 1260 2079 turre
1305 2036 1346 2078 a
1389 2014 1672 2078 Ricardo
1715 2036 1871 2102 rege
1936 2020 2321 2102 expugnata
2378 2014 2636 2101 jaculus
2680 2015 2951 2100 quidam
2976 1992 3165 2125 ξθζέξζ

853 2123 956 2184 est
1025 2117 1316 2193 emissus,
1395 2116 1468 2179 in
1532 2137 1662 2201 quo
1739 2116 1983 2181 litteris
2048 2118 2306 2182 Latinis
2373 2118 2689 2203 scriptum
2754 2124 2899 2181 erat
2932 2141 2947 2181 ε
2978 2128 3030 2177 J.
3055 2128 3273 2190 Brompt

855 2228 893 2255 “
913 2220 997 2285 In
1042 2218 1309 2284 nomine
1355 2218 1574 2283 Patris
1619 2222 1688 2282 et
1735 2218 1893 2282 Filii
1937 2222 2008 2283 et
2053 2219 2341 2306 Spiritus
2384 2218 2634 2296 Sancti,
2676 2217 2953 2284 Amen.’'
2978 2193 3073 2244 ⁰⁰¹·
3102 2198 3236 2244 ¹²⁰²·

851 2322 1223 2407 Totumque
1269 2319 1614 2385 consilium
1663 2320 1840 2405 quod
1884 2320 2070 2386 inter
2134 2320 2426 2386 obsessos
2492 2301 2712 2387 fuerat
2778 2322 2953 2387 ordi-

813 2430 1088 2490 .natum
1150 2423 1223 2489 in
1291 2422 1435 2509 ipso
1493 2422 1718 2509 jaculo
1784 2423 2035 2509 pariter
2102 2424 2545 2510 conscriptum
2594 2429 2755 2489 erat.
2844 2423 2953 2487 Ex

850 2548 982 2617 quo
1025 2525 1234 2593 nostri
1282 2524 1647 2591 Christiani
1709 2525 1994 2589 nimium
2037 2525 2309 2591 fuerunt
2353 2525 2727 2591 exhilarati.
2820 2526 2955 2591 Sed

848 2629 1075 2695 nullus
1104 2628 1388 2714 qualiter
1420 2628 1683 2713 jaculus
1714 2628 1795 2693 de
1841 2627 2011 2693 turri
2043 2626 2265 2713 lapsus
2293 2626 2517 2693 filerat
2544 2627 2955 2715 agnoscebat.

851 2931 1014 2998 CAP.
1064 2931 1249 2997 XIX.
1295 2931 1398 2997 De
1417 2931 1726 3018 captione
1748 2933 1807 2996 A
1821 2953 1949 2998 σφω
1967 2959 1992 3010 ‚·
2036 2937 2095 2998 et
2117 2953 2325 2998 causa
2346 2931 2748 2999 inimicitiae
2774 2934 2965 3000 inter

1029 3056 1248 3119 ‘reyem
1276 3033 1664 3099 Ricardum
1693 3041 1753 3100 et
1784 3035 2019 3100 ducem
2046 3034 2355 3100 Austrioe
2377 3060 2406 3115 ,·
2452 3043 2512 3100 et
2541 3035 2622 3101 de
2650 3036 2960 3132 captio-nc

1029 3135 1392 3223 cujusdam
1435 3136 1643 3202 castri
1677 3159 1892 3222 prope
1935 3137 2211 3205 Acra‘m.

941 3296 1284 3363 Sarraceni
1311 3301 1535 3362 autem
1567 3296 1812 3361 obsessi
1842 3296 2017 3381 ipsos
2044 3317 2230 3383 reges
2273 3297 2489 3362 indies
2533 3298 2963 3384 requirebant

851 3404 950 3481 ut,
995 3399 1052 3464 si
1095 3400 1271 3485 ipsos
1329 3398 1623 3462 sinerent
1680 3397 1919 3463 illaesos
1986 3399 2182 3475 abire,
2247 3399 2459 3484 ipsam
2504 3401 2847 3467 civitatem
2890 3407 2963 3466 et

711 3566 722 3576 ,
855 3501 1306 3568 Ierosolimam
1369 3522 1515 3566 cum
1561 3504 1788 3565 sancta
1845 3521 2051 3579 cruce,
2120 3522 2375 3566 necnon
2440 3507 2509 3567 et
2573 3503 2754 3568 mille
2800 3525 2958 3588 qua-

523 3631 561 3682 f.
580 3637 644 3680 35
669 3630 714 3682 b,
856 3605 1240 3690 dringentos
1287 3602 1697 3668 Christianos
1743 3623 1908 3687 quos
1952 3601 2128 3688 apud
2161 3625 2229 3667 se
2264 3602 2616 3668 Saladinus
2661 3606 2960 3690 captivos

855 3705 1147 3784 tenebat,
1193 3705 1280 3768 ad
1347 3709 1599 3769 certum
1668 3703 1843 3769 diem
1910 3704 2070 3791 ipsis
2132 3704 2398 3792 regibus
2466 3727 2535 3770 se
2579 3707 2959 3771 reddituros

856 3807 1350 3896 promittebant.
1445 3805 1767 3871 Referunt
1832 3812 2056 3871 autem
2124 3807 2389 3892 quidam
2438 3807 2655 3893 ipsum
2703 3809 2958 3874 Saladi-

855 3933 1018 3977 num
1063 3931 1179 3976 xx.
1225 3909 1404 3974 mille
1452 3908 1862 3974 Christianos
1906 3908 2201 3994 captivos
2232 3908 2552 3987 habuisse,
2597 3931 2759 3995 quos
2804 3911 2961 3996 ipsis

861 4012 1118 4079 duobus
1183 4012 1452 4097 regibus
1504 4010 1779 4074 reddere
1822 4031 1959 4073 non
2016 4009 2369 4096 negabant.
2464 4011 2674 4098 Reges
2734 4017 2959 4076 autem

857 4117 1149 4203 ipsorum
1194 4111 1735 4201 promissionibus
1802 4111 2000 4176 fidem
2066 4111 2397 4177 credulam
2458 4113 2730 4177 minime
2775 4112 2964 4177 adhi-

527 4241 750 4302 Capture
773 4241 834 4290 of
857 4217 1090 4283 bentes
1135 4217 1480 4282 civitatem
1527 4213 1739 4278 acrius
1802 4213 1996 4277 solito
2059 4213 2485 4278 infestabant.
2580 4213 2607 4250 ²
2640 4215 2965 4280 Ricardus

527 4306 680 4355 Aere.
862 4341 1016 4406 ergo
1061 4319 1346 4406 quadam
1411 4317 1534 4393 die,
1602 4315 1904 4402 apposito
1952 4315 2217 4380 castello
2280 4315 2498 4402 ligneo
2562 4317 2741 4415 quod
2784 4318 2964 4402 apud

923 4563 939 4593 ¹
978 4560 1278 4627 asperrima]
1315 4558 1576 4624 asperima,
1599 4557 1713 4608 MS.
1958 4573 2008 4620 p.
2056 4563 2135 4624 ⁵9·
2200 4559 2395 4610 Burton
2440 4575 2665 4624 appears,
2708 4561 2961 4623 however,

925 4645 948 4674 ²
978 4642 1092 4691 The
1114 4643 1380 4690 substance
1401 4639 1462 4688 of
1487 4632 1573 4688 the
1595 4635 1858 4701 following
1958 4643 2012 4685 to
2042 4637 2171 4688 have
2193 4637 2399 4688 derived
2426 4639 2468 4688 it
2502 4640 2636 4690 from
2656 4655 2794 4691 some
2815 4641 2961 4691 other

857 4722 1112 4778 narrative
1133 4720 1176 4770 is
1197 4720 1251 4770 111
1273 4719 1496 4770 Richard
1531 4719 1590 4768 of
1615 4718 1854 4776 Devius,
1954 4715 2150 4768 author.

2911 5170 3350 5418 N
