3519 5734
1149 853 1454 906 111οω
1495 852 1713 906 arms
1756 853 2065 906 rannus,
2542 839 2671 904 283

585 1033 818 1090 cuidam
886 1031 1236 1106 supposuit)
1295 1037 1356 1090 et
1424 1050 1560 1090 mox
1617 1033 1929 1090 sanitatem
2000 1031 2375 1090 subsecutam
2444 1029 2677 1103 publice
2700 1026 2837 1082 Aa).
2867 1031 3011 1080 1196.

587 1119 950 1193 praedicavit.
1046 1117 1172 1188 Quo
1224 1117 1466 1190 vulgato
1524 1118 1777 1191 populus
1836 1116 2165 1190 patibulum
2218 1117 2345 1189 ejus
2398 1119 2679 1172 nocturno

529 1218 536 1224 ·
582 1204 742 1260 furto
778 1203 1036 1270 sustulit,
1075 1209 1296 1259 terram
1348 1202 1632 1275 sanguine
1669 1203 1798 1275 ejus
1835 1207 2197 1258 cruentatam
2231 1200 2419 1257 velut.
2450 1218 2681 1256 sacrum

584 1289 864 1360 quiddam
911 1289 975 1343 in
1021 1307 1163 1345 usus
1199 1289 1570 1345 curationum
1605 1306 1793 1360 usque
1830 1287 1905 1343 ad
1956 1288 2176 1348 fossam
2223 1304 2341 1342 non
2392 1287 2681 1344 modicam

580 1391 688 1446 per
721 1373 1000 1429 minutias
1037 1373 1278 1430 abrasit.
1347 1373 1531 1429 Fama
1563 1373 1765 1444 itaque
1801 1373 1919 1428 late
1956 1373 2042 1429 sic
2067 1372 2333 1446 dispersa
2368 1373 2682 1428 stultorum

583 1463 644 1514 et
679 1458 1044 1514 curiosorum
1075 1459 1379 1513 hominum
1411 1475 1626 1528 greges
1652 1457 2037 1514 confluebant.
2100 1457 2443 1514 Excubabat
2462 1454 2683 1512 ibidem

580 1548 864 1598 nocturno
905 1547 1169 1615 tempore
1215 1542 1475 1600 insulsa²
1504 1542 1734 1614 jugiter
1768 1541 2105 1609 multitud0,
2144 1547 2374 1600 tantum
2390 1541 2413 1574 ³
2446 1541 2683 1598 honoris

558 1627 904 1686 ‚willielmo
953 1626 1295 1699 impendens
1363 1631 1592 1684 tantum
1641 1625 1945 1682 dedecoris
2006 1626 2133 1698 ejus
2194 1626 2521 1684 damnatori
2578 1624 2685 1680 im-

582 1712 870 1783 pingens3
933 1716 1281 1782 tantumque
1352 1710 1603 1766 invaluit
1675 1710 1947 1784 inceptus
2007 1704 2170 1766 error
2228 1716 2297 1767 ut
2366 1710 2683 1784 prudentes

587 1813 848 1866 quosque
910 1792 1272 1862 fascinasset,
1333 1795 1452 1850 nisi
1512 1811 1581 1850 ea
1639 1813 1771 1866 quae
1822 1794 1894 1850 de
1948 1812 2018 1851 eo
2072 1800 2242 1866 gesta
2294 1797 2685 1866 cognoverant

585 1880 816 1935 cautius
889 1879 1297 1935 advertissent.
1399 1877 1550 1934 Sane
1611 1883 1852 1950 excepto
1924 1895 1993 1934 eo
2065 1879 2222 1950 quod
2296 1878 2475 1950 paulo
2550 1881 2683 1934 ante
2710 1873 3007 1955 Confession

585 1964 913 2034 captionem
971 1981 1138 2018 suam
1195 1961 1579 2018 homicidium
1637 1964 2028 2028 commiserat,
2083 1963 2239 2034 quod
2298 1963 2503 2034 utique
2562 1961 2683 2017 cui·
2707 1943 2769 1994 ⁰f
2781 1944 3025 2008 wege

586 2049 733 2104 libet
767 2048 1002 2104 cordato
1037 2047 1167 2104 viro
1202 2066 1276 2103 ne
1311 2064 1420 2119 pro
1455 2053 1716 2118 martyre
1753 2047 2045 2104 coleretur
2082 2049 2346 2104 sufficere
2382 2047 2682 2112 debuerat,
2710 2011 2982 2129 {omssfed

585 2133 776 2205 ipsius
815 2137 1074 2188 extu-ema
1107 2131 1218 2188 sub
1253 2137 1442 2188 morte
1479 2131 1768 2188 confessio
1806 2147 1941 2188 suos
1980 2131 2185 2188 debuit
2218 2133 2473 2188 cultores
2520 2148 2686 2186 vere-

587 2217 892 2274 cundasse.
969 2216 1196 2287 Quippe
1231 2233 1367 2272 cum
1411 2234 1448 2272 a
1495 2216 1795 2272 nonnullis
1834 2216 2101 2286 quamvis
2152 2235 2284 2272 sero
2320 2217 2429 2272 sub
2476 2215 2690 2271 humili

588 2307 961 2374 peccatorum
997 2301 1361 2358 confessione
1386 2300 1526 2356 dare
1552 2300 1679 2357 Deo
1715 2300 1968 2373 gloriam
2002 2307 2359 2367 moneretur,
2388 2303 2688 2358 confessus
2711 2291 2747 2346 f·
2770 2297 2854 2344 41·

589 2391 680 2442 est
739 2404 803 2442 se
854 2385 1164 2442 ecclesiam
1222 2385 1410 2441 beatae
1462 2384 1670 2440 Mariae
1731 2383 1873 2438 dum
1933 2384 2017 2439 ibi
2076 2389 2409 2456 expectaret
2467 2387 2689 2442 semine

585 2470 888 2543 polluisse.
958 2470 1210 2540 Insuper
1270 2473 1331 2524 et
1389 2486 1525 2524 cum
1584 2468 1660 2524 ad
1715 2474 1920 2524 votum
1978 2485 2085 2541 per
2144 2486 2280 2525 suos
2339 2469 2515 2526 citius
2574 2486 2691 2526 non

589 2557 934 2627 eriperetur,
973 2559 1188 2625 negato
1239 2551 1446 2607 Mariae
1507 2551 1646 2618 filio,
1699 2569 1770 2607 eo
1826 2552 1983 2624 quod
2032 2570 2169 2608 eum
2226 2571 2343 2609 non
2388 2554 2685 2620 liberaret,

589 2638 888 2694 diabolum
923 2636 998 2692 ad
1021 2654 1190 2692 suam
1223 2635 1630 2692 liberationem
1664 2636 2011 2692 invocasset.
2088 2636 2505 2694 Inficiabantur
2540 2637 2691 2695 ista⁴

589 2721 900 2778 Willielmi
928 2720 1346 2793 justificatores
1383 2725 1560 2790 atque
1601 2719 1860 2791 maligne
1897 2719 2143 2776 conficta
2176 2721 2461 2777 dicebant.
2549 2722 2694 2778 Post

594 2806 762 2862 litem
795 2805 946 2860 hanc
983 2804 1222 2860 diremit
1256 2803 1322 2859 in
1354 2804 1522 2860 brevi
1558 2804 1858 2860 fabricatae
1892 2805 2168 2862 vanitatis
2204 2824 2461 2863 occasus.
2521 2807 2693 2864 Veri-

592 2897 686 2948 tas
720 2907 930 2961 nempe
967 2888 1156 2946 solida
1191 2894 1281 2945 est
1317 2894 1378 2945 et
1411 2894 1674 2960 tempore
1710 2890 2081 2947 convalescit.
2150 2891 2349 2963 Igitur
2383 2893 2690 2949 Hubertus

595 2974 1088 3047 archiepiscopus,
1162 2972 1335 3043 regni
1403 2972 1754 3039 moderator,
1818 2973 1881 3028 in
1950 2974 2310 3031 sacerdotem
2380 2978 2691 3049 praefatum

595 3060 994 3117 ecclesiastica
1027 3064 1316 3130 praesente
1348 3056 1612 3113 vindicta
1645 3062 1930 3113 armatam
1965 3058 2290 3116 custodiam
2324 3061 2389 3117 in
2422 3062 2527 3119 illo
2561 3063 2691 3118 loco

592 3145 810 3215 posuit,
840 3161 970 3215 quoe
1008 3146 1070 3197 et
1104 3158 1405 3197 accessum
1442 3142 1875 3197 accurrentium
1911 3136 2153 3200 arceret.
2204 3144 2285 3201 Et
2319 3145 2405 3202 sic
2439 3146 2502 3201 in
2524 3147 2691 3203 brevi

594 3229 863 3286 machina
885 3226 1238 3283 concinnatae
1252 3224 1274 3257 ⁵
1300 3226 1734 3296 superstitionis
1766 3226 2019 3284 considit
2033 3228 2055 3259 ⁶
2077 3234 2139 3285 et
2171 3230 2470 3301 popularis
2494 3232 2690 3303 opinio

595 3321 948 3393 conquievit.
1072 3311 1165 3375 Et
1225 3318 1348 3375 illis
1407 3318 1615 3375 diebus
1676 3320 1917 3390 quidam
1976 3328 2210 3379 sanctus
2286 3323 2556 3380 sacerdos
2628 3325 2691 3381 in
2714 3323 2937 3374 Richard

597 3412 807 3478 Gallia,
845 3412 1079 3469 nomine
1115 3412 1318 3478 FulcO,
1345 3412 1509 3467 venit
1542 3412 1618 3467 ad
1653 3430 1859 3483 regem
1894 3414 2232 3481 Ricardum,
2262 3416 2349 3472 sic
2382 3416 2684 3490 inquiens:
2714 3392 2896 3507 ’(13οᾶ
2917 3459 2950 3507 b

597 3501 636 3524 ‘⁴
676 3498 823 3552 Dico
857 3497 987 3561 tibi,
1026 3514 1148 3562 rex,
1189 3513 1260 3549 ex
1293 3500 1462 3568 parte
1499 3493 1613 3550 Dei
1649 3498 2084 3568 omnipotentis,
2123 3505 2193 3556 ut
2230 3506 2353 3557 tres
2388 3501 2538 3557 filias
2589 3543 2603 3557 .
2671 3543 2685 3557 .
2714 3472 2803 3573 ἔξω
2826 3472 3027 3574 ἓηῃζὴ

599 3582 638 3607 “
763 3620 776 3634 .
851 3580 1135 3651 pessimas
1171 3578 1348 3634 citius
1383 3579 1598 3649 nuptui
1637 3580 1855 3646 tradas,
1900 3600 1973 3637 ne
2009 3582 2236 3655 aliquid
2285 3584 2543 3641 deterius
2578 3586 2690 3642 tibi
2714 3589 2873 3655 priest
2890 3590 3012 3641 Ful·

601 3666 638 3691 ‘⁶
677 3663 1036 3733 contingat.”
1112 3662 1226 3717 Cui
1259 3680 1382 3727 rex,
1426 3664 1464 3689 “
1490 3662 1783 3730 Mentiris,
1823 3665 2089 3737 ipocrita,
2130 3669 2270 3739 quia
2315 3670 2541 3727 nullam
2602 3712 2617 3728 .
2673 3712 2686 3727 .
2714 3672 2793 3708 ⁰⁰·

601 3750 641 3775 ‘⁸
677 3745 922 3802 hab00.”
995 3746 1075 3802 Et
1130 3746 1252 3811 ille,
1308 3749 1346 3774 “
1363 3745 1558 3802 Immo
1617 3749 1954 3819 superbiam
2010 3751 2211 3818 habes,
2264 3754 2573 3812 avaritiam
2633 3762 2695 3813 et

601 3834 639 3859 “
678 3830 1034 3887 luxuriam.”
1106 3830 1235 3887 Rex
1280 3848 1424 3903 ergo
1461 3832 1791 3889 convocatis
1843 3834 1967 3890 suis
2011 3836 2352 3907 proceribus
2394 3840 2496 3907 ait,
2540 3843 2577 3870 “
2599 3842 2693 3899 Do

591 3918 641 3943 '⁶‘
681 3915 1016 3987 superbiam
1073 3932 1266 3970 meam
1314 3914 1665 3986 Templa-riis
1715 3922 1777 3973 et
1825 3917 2259 3989 Hospitalariis,
2313 3923 2693 3994 cupiditatem

603 4003 640 4028 “
679 4017 871 4056 meam
906 3998 1206 4055 monachis
1243 3997 1730 4056 cisterciensibus
1768 4006 1831 4056 et
1866 4001 2159 4058 luxuriam
2194 4022 2385 4061 meam
2432 4008 2695 4065 ecclesiae

603 4087 641 4112 “
679 4082 998 4156 praelatis.”
1094 4082 1199 4138 Illi
1270 4088 1468 4139 autem
1540 4101 1687 4154 quos
1755 4084 1941 4142 Fulco
2012 4087 2138 4157 ipse
2152 4086 2175 4125 ⁷
2244 4090 2697 4160 reprehenderat

600 4177 889 4232 miserunt
922 4175 1093 4232 illum
1128 4174 1192 4229 in
1225 4174 1477 4239 vincula,
1513 4175 1617 4231 sed
1651 4193 1767 4232 non
1817 4176 2009 4248 potuit
2044 4179 2297 4252 alligari.
2392 4174 2525 4240 Hic
2568 4176 2697 4241 ita-

601 4290 728 4355 que
804 4267 1138 4363 Ricardus·
1201 4288 1321 4333 rex
1397 4268 1703 4355 regnavit
1788 4274 2083 4359 tempore
2154 4272 2353 4361 hujus
2425 4275 2695 4347 Thomae

581 4578 592 4589 ι
668 4534 682 4563 ι
707 4530 986 4597 apponit]
1013 4532 1346 4598 superposuit,
1361 4532 1424 4586 Β.
1449 4533 1516 4586 H.
1756 4535 1777 4565 ⁵
1798 4534 2125 4603 concinnam]
2154 4539 2473 4603 continuatae,
2496 4543 2562 4596 R.
2580 4544 2649 4597 Η.

665 4612 687 4643 2
709 4608 924 4677 ma]
948 4611 1130 4674 insula,
1151 4612 1268 4665 MS,
1761 4615 1782 4644 ⁸
1796 4616 2033 4683 considit]
2060 4618 2299 4681 concidit,
2322 4621 2384 4671 R.
2408 4621 2476 4676 Η.

666 4692 688 4722 ⁸
710 4690 924 4756 tantum]
949 4698 1209 4756 quantum,
1229 4691 1296 4746 R.
1317 4690 1385 4743 H.
1757 4697 1777 4728 ⁷
1798 4694 1931 4763 ipre]
1957 4696 2239 4763 pradictus,
2259 4698 2323 4753 R.
2344 4699 2413 4753 H.

669 4770 688 4801 ⁴
711 4769 834 4837 ἰεεα]
861 4768 960 4833 isti,
981 4770 1045 4823 Β.
1064 4768 1135 4824 Η.
