<?xml version="1.0" encoding="UTF-8"?>
<!DOCTYPE html PUBLIC "-//W3C//DTD XHTML 1.0 Transitional//EN"
    "http://www.w3.org/TR/xhtml1/DTD/xhtml1-transitional.dtd">
<html xmlns="http://www.w3.org/1999/xhtml" xml:lang="en" lang="en">
 <head>
  <title>
</title>
<meta http-equiv="Content-Type" content="text/html;charset=utf-8" />
  <meta name='ocr-system' content='tesseract 3.04.00' />
  <meta name='ocr-capabilities' content='ocr_page ocr_carea ocr_par ocr_line ocrx_word'/>
</head>
<body>
  <div class='ocr_page' id='page_1' title='image "./chronicamonaste00burtgoog_0206.png"; bbox 0 0 3519 5734; ppageno 0'>
   <div class='ocr_carea' id='block_1_1' title="bbox 1305 739 2734 837">
    <p class='ocr_par' dir='ltr' id='par_1_1' title="bbox 1305 739 2734 837">
     <span class='ocr_line' id='line_1_1' title="bbox 1305 739 2734 837; baseline -0.001 -26"><span class='ocrx_word' id='word_1_1' title='bbox 1305 760 1514 837; x_wconf 40' lang='lat' dir='ltr'><strong>amu·</strong></span> <span class='ocrx_word' id='word_1_2' title='bbox 1543 760 1761 810; x_wconf 73' lang='lat' dir='ltr'><strong>ABBAs</strong></span> <span class='ocrx_word' id='word_1_3' title='bbox 1806 761 2075 810; x_wconf 73' lang='lat' dir='ltr'><strong>ramus,</strong></span> <span class='ocrx_word' id='word_1_4' title='bbox 2604 739 2734 810; x_wconf 78' lang='lat'><strong>1&#39;13</strong></span> 
     </span>
    </p>
   </div>
   <div class='ocr_carea' id='block_1_2' title="bbox 636 918 2741 2177">
    <p class='ocr_par' dir='ltr' id='par_1_2' title="bbox 636 918 2741 2177">
     <span class='ocr_line' id='line_1_2' title="bbox 641 918 2739 1007; baseline -0.003 -16"><span class='ocrx_word' id='word_1_5' title='bbox 641 937 686 964; x_wconf 91' lang='lat'><strong>“</strong></span> <span class='ocrx_word' id='word_1_6' title='bbox 725 934 790 991; x_wconf 88' lang='lat' dir='ltr'><strong>Si</strong></span> <span class='ocrx_word' id='word_1_7' title='bbox 826 934 901 990; x_wconf 87' lang='lat' dir='ltr'><strong>ad</strong></span> <span class='ocrx_word' id='word_1_8' title='bbox 936 953 1008 991; x_wconf 86' lang='lat' dir='ltr'><strong>ea</strong></span> <span class='ocrx_word' id='word_1_9' title='bbox 1043 953 1174 1007; x_wconf 82' lang='lat' dir='ltr'><strong>quae</strong></span> <span class='ocrx_word' id='word_1_10' title='bbox 1210 918 1382 990; x_wconf 48' lang='lat' dir='ltr'><strong>intus·</strong></span> <span class='ocrx_word' id='word_1_11' title='bbox 1409 941 1547 991; x_wconf 87' lang='lat' dir='ltr'><strong>sunt</strong></span> <span class='ocrx_word' id='word_1_12' title='bbox 1593 934 1906 999; x_wconf 84' lang='lat' dir='ltr'><strong>festinatis,</strong></span> <span class='ocrx_word' id='word_1_13' title='bbox 1945 933 2043 990; x_wconf 87' lang='lat' dir='ltr'><strong>hic</strong></span> <span class='ocrx_word' id='word_1_14' title='bbox 2092 933 2237 989; x_wconf 84' lang='lat' dir='ltr'><strong>foris</strong></span> <span class='ocrx_word' id='word_1_15' title='bbox 2286 932 2566 988; x_wconf 86' lang='lat' dir='ltr'><strong>dimittite</strong></span> <span class='ocrx_word' id='word_1_16' title='bbox 2615 948 2739 986; x_wconf 88' lang='lat' dir='ltr'><strong>cor-</strong></span> 
     </span>
     <span class='ocr_line' id='line_1_3' title="bbox 641 1016 2736 1092; baseline -0.002 -18"><span class='ocrx_word' id='word_1_17' title='bbox 641 1021 684 1046; x_wconf 85' lang='lat'><strong>“</strong></span> <span class='ocrx_word' id='word_1_18' title='bbox 722 1037 884 1092; x_wconf 90' lang='lat' dir='ltr'><strong>pora,</strong></span> <span class='ocrx_word' id='word_1_19' title='bbox 927 1036 1059 1090; x_wconf 81' lang='lat' dir='ltr'><strong>quae</strong></span> <span class='ocrx_word' id='word_1_20' title='bbox 1096 1019 1168 1074; x_wconf 87' lang='lat' dir='ltr'><strong>de</strong></span> <span class='ocrx_word' id='word_1_21' title='bbox 1205 1019 1422 1075; x_wconf 85' lang='lat' dir='ltr'><strong>saeculo</strong></span> <span class='ocrx_word' id='word_1_22' title='bbox 1458 1019 1764 1075; x_wconf 81' lang='lat' dir='ltr'><strong>attulistis.</strong></span> <span class='ocrx_word' id='word_1_23' title='bbox 1841 1018 1965 1074; x_wconf 89' lang='lat' dir='ltr'><strong>Soli</strong></span> <span class='ocrx_word' id='word_1_24' title='bbox 2020 1018 2267 1090; x_wconf 85' lang='lat' dir='ltr'><strong>spiritus</strong></span> <span class='ocrx_word' id='word_1_25' title='bbox 2309 1016 2736 1089; x_wconf 85' lang='lat' dir='ltr'><strong>ingrediantur.</strong></span> 
     </span>
     <span class='ocr_line' id='line_1_4' title="bbox 639 1099 2741 1174; baseline -0.003 -16"><span class='ocrx_word' id='word_1_26' title='bbox 639 1104 684 1131; x_wconf 72' lang='lat'><strong>⁸⁴</strong></span> <span class='ocrx_word' id='word_1_27' title='bbox 722 1120 858 1158; x_wconf 88' lang='lat' dir='ltr'><strong>caro</strong></span> <span class='ocrx_word' id='word_1_28' title='bbox 893 1108 1091 1158; x_wconf 87' lang='lat' dir='ltr'><strong>autem</strong></span> <span class='ocrx_word' id='word_1_29' title='bbox 1125 1121 1242 1158; x_wconf 91' lang='lat' dir='ltr'><strong>non</strong></span> <span class='ocrx_word' id='word_1_30' title='bbox 1275 1102 1516 1174; x_wconf 88' lang='lat' dir='ltr'><strong>prodest</strong></span> <span class='ocrx_word' id='word_1_31' title='bbox 1551 1101 1926 1173; x_wconf 88' lang='lat' dir='ltr'><strong>quicquam.”</strong></span> <span class='ocrx_word' id='word_1_32' title='bbox 1988 1101 2459 1172; x_wconf 83' lang='lat' dir='ltr'><strong>Quandocunque</strong></span> <span class='ocrx_word' id='word_1_33' title='bbox 2491 1099 2567 1154; x_wconf 86' lang='lat' dir='ltr'><strong>ad</strong></span> <span class='ocrx_word' id='word_1_34' title='bbox 2601 1116 2741 1170; x_wconf 88' lang='lat' dir='ltr'><strong>epu-</strong></span> 
     </span>
     <span class='ocr_line' id='line_1_5' title="bbox 636 1182 2739 1257; baseline -0.001 -16"><span class='ocrx_word' id='word_1_35' title='bbox 636 1186 825 1241; x_wconf 90' lang='lat' dir='ltr'><strong>latum</strong></span> <span class='ocrx_word' id='word_1_36' title='bbox 862 1186 1238 1251; x_wconf 75' lang='lat' dir='ltr'><strong>invitabatur,</strong></span> <span class='ocrx_word' id='word_1_37' title='bbox 1276 1185 1630 1257; x_wconf 86' lang='lat' dir='ltr'><strong>respondere</strong></span> <span class='ocrx_word' id='word_1_38' title='bbox 1669 1185 1912 1251; x_wconf 89' lang='lat' dir='ltr'><strong>solebat,</strong></span> <span class='ocrx_word' id='word_1_39' title='bbox 1954 1203 2017 1240; x_wconf 90' lang='lat' dir='ltr'><strong>se</strong></span> <span class='ocrx_word' id='word_1_40' title='bbox 2066 1203 2239 1240; x_wconf 87' lang='lat' dir='ltr'><strong>suum</strong></span> <span class='ocrx_word' id='word_1_41' title='bbox 2290 1203 2408 1239; x_wconf 92' lang='lat' dir='ltr'><strong>non</strong></span> <span class='ocrx_word' id='word_1_42' title='bbox 2455 1201 2584 1239; x_wconf 86' lang='lat' dir='ltr'><strong>esse</strong></span> <span class='ocrx_word' id='word_1_43' title='bbox 2634 1182 2739 1238; x_wconf 86' lang='lat' dir='ltr'><strong>sed</strong></span> 
     </span>
     <span class='ocr_line' id='line_1_6' title="bbox 641 1262 2733 1340; baseline -0.001 -16"><span class='ocrx_word' id='word_1_44' title='bbox 641 1269 893 1324; x_wconf 89' lang='lat' dir='ltr'><strong>aliorum</strong></span> <span class='ocrx_word' id='word_1_45' title='bbox 929 1262 1170 1325; x_wconf 77' lang='lat' dir='ltr'><strong>servitio</strong></span> <span class='ocrx_word' id='word_1_46' title='bbox 1207 1268 1571 1340; x_wconf 85' lang='lat' dir='ltr'><strong>deputatum.</strong></span> <span class='ocrx_word' id='word_1_47' title='bbox 1648 1268 1894 1340; x_wconf 85' lang='lat' dir='ltr'><strong>Semper</strong></span> <span class='ocrx_word' id='word_1_48' title='bbox 1942 1269 2348 1324; x_wconf 78' lang='lat' dir='ltr'><strong>inveniebatur</strong></span> <span class='ocrx_word' id='word_1_49' title='bbox 2398 1275 2501 1323; x_wconf 87' lang='lat' dir='ltr'><strong>aut</strong></span> <span class='ocrx_word' id='word_1_50' title='bbox 2545 1285 2733 1331; x_wconf 87' lang='lat' dir='ltr'><strong>orans,</strong></span> 
     </span>
     <span class='ocr_line' id='line_1_7' title="bbox 643 1352 2738 1424; baseline -0 -17"><span class='ocrx_word' id='word_1_51' title='bbox 643 1358 746 1407; x_wconf 85' lang='lat' dir='ltr'><strong>aut</strong></span> <span class='ocrx_word' id='word_1_52' title='bbox 777 1353 1000 1424; x_wconf 85' lang='lat' dir='ltr'><strong>legens,</strong></span> <span class='ocrx_word' id='word_1_53' title='bbox 1042 1361 1144 1408; x_wconf 86' lang='lat' dir='ltr'><strong>aut</strong></span> <span class='ocrx_word' id='word_1_54' title='bbox 1179 1353 1461 1417; x_wconf 89' lang='lat' dir='ltr'><strong>scribens,</strong></span> <span class='ocrx_word' id='word_1_55' title='bbox 1500 1358 1604 1408; x_wconf 90' lang='lat' dir='ltr'><strong>aut</strong></span> <span class='ocrx_word' id='word_1_56' title='bbox 1649 1352 1958 1419; x_wconf 85' lang='lat' dir='ltr'><strong>meditans,</strong></span> <span class='ocrx_word' id='word_1_57' title='bbox 1998 1359 2101 1409; x_wconf 89' lang='lat' dir='ltr'><strong>aut</strong></span> <span class='ocrx_word' id='word_1_58' title='bbox 2136 1353 2347 1408; x_wconf 78' lang='lat' dir='ltr'><strong>fratres</strong></span> <span class='ocrx_word' id='word_1_59' title='bbox 2384 1369 2521 1408; x_wconf 88' lang='lat' dir='ltr'><strong>suos</strong></span> <span class='ocrx_word' id='word_1_60' title='bbox 2556 1352 2738 1407; x_wconf 78' lang='lat' dir='ltr'><strong>verbo</strong></span> 
     </span>
     <span class='ocr_line' id='line_1_8' title="bbox 643 1435 2737 1508; baseline 0 -18"><span class='ocrx_word' id='word_1_61' title='bbox 643 1436 954 1492; x_wconf 63' lang='lat' dir='ltr'><strong>aedificans.</strong></span> <span class='ocrx_word' id='word_1_62' title='bbox 1029 1435 1308 1502; x_wconf 77' lang='lat' dir='ltr'><strong>Tandem,</strong></span> <span class='ocrx_word' id='word_1_63' title='bbox 1365 1437 1474 1492; x_wconf 92' lang='lat' dir='ltr'><strong>sub</strong></span> <span class='ocrx_word' id='word_1_64' title='bbox 1526 1453 1676 1491; x_wconf 89' lang='lat' dir='ltr'><strong>anno</strong></span> <span class='ocrx_word' id='word_1_65' title='bbox 1726 1437 1933 1508; x_wconf 71' lang='lat' dir='ltr'><strong>gratiae</strong></span> <span class='ocrx_word' id='word_1_66' title='bbox 1988 1437 2148 1503; x_wconf 87' lang='lat'><strong>1153,</strong></span> <span class='ocrx_word' id='word_1_67' title='bbox 2203 1438 2380 1493; x_wconf 86' lang='lat' dir='ltr'><strong>morti</strong></span> <span class='ocrx_word' id='word_1_68' title='bbox 2430 1437 2737 1508; x_wconf 89' lang='lat' dir='ltr'><strong>appropin-</strong></span> 
     </span>
     <span class='ocr_line' id='line_1_9' title="bbox 645 1519 2738 1592; baseline -0 -17"><span class='ocrx_word' id='word_1_69' title='bbox 645 1537 850 1589; x_wconf 89' lang='lat' dir='ltr'><strong>quans,</strong></span> <span class='ocrx_word' id='word_1_70' title='bbox 888 1520 1004 1575; x_wconf 88' lang='lat' dir='ltr'><strong>tria</strong></span> <span class='ocrx_word' id='word_1_71' title='bbox 1037 1521 1318 1575; x_wconf 84' lang='lat' dir='ltr'><strong>fratribus</strong></span> <span class='ocrx_word' id='word_1_72' title='bbox 1356 1521 1480 1576; x_wconf 88' lang='lat' dir='ltr'><strong>suis</strong></span> <span class='ocrx_word' id='word_1_73' title='bbox 1517 1519 1879 1575; x_wconf 78' lang='lat' dir='ltr'><strong>observanda</strong></span> <span class='ocrx_word' id='word_1_74' title='bbox 1911 1520 2171 1590; x_wconf 89' lang='lat' dir='ltr'><strong>reliquit,</strong></span> <span class='ocrx_word' id='word_1_75' title='bbox 2213 1538 2343 1591; x_wconf 81' lang='lat' dir='ltr'><strong>quoe</strong></span> <span class='ocrx_word' id='word_1_76' title='bbox 2379 1526 2439 1574; x_wconf 84' lang='lat' dir='ltr'><strong>et</strong></span> <span class='ocrx_word' id='word_1_77' title='bbox 2473 1521 2600 1592; x_wconf 88' lang='lat' dir='ltr'><strong>ipse</strong></span> <span class='ocrx_word' id='word_1_78' title='bbox 2632 1536 2738 1590; x_wconf 87' lang='lat' dir='ltr'><strong>pro</strong></span> 
     </span>
     <span class='ocr_line' id='line_1_10' title="bbox 642 1603 2738 1668; baseline -0.001 -9"><span class='ocrx_word' id='word_1_79' title='bbox 642 1604 880 1659; x_wconf 89' lang='lat' dir='ltr'><strong>modulo</strong></span> <span class='ocrx_word' id='word_1_80' title='bbox 917 1621 1023 1659; x_wconf 90' lang='lat' dir='ltr'><strong>suo</strong></span> <span class='ocrx_word' id='word_1_81' title='bbox 1046 1603 1110 1658; x_wconf 89' lang='lat' dir='ltr'><strong>in</strong></span> <span class='ocrx_word' id='word_1_82' title='bbox 1131 1603 1255 1660; x_wconf 79' lang='lat' dir='ltr'><strong>vita</strong></span> <span class='ocrx_word' id='word_1_83' title='bbox 1279 1622 1386 1658; x_wconf 87' lang='lat' dir='ltr'><strong>sua</strong></span> <span class='ocrx_word' id='word_1_84' title='bbox 1407 1603 1746 1659; x_wconf 74' lang='lat' dir='ltr'><strong>observasse</strong></span> <span class='ocrx_word' id='word_1_85' title='bbox 1772 1603 2067 1668; x_wconf 86' lang='lat' dir='ltr'><strong>asseruit,¹</strong></span> <span class='ocrx_word' id='word_1_86' title='bbox 2094 1603 2323 1659; x_wconf 87' lang='lat' dir='ltr'><strong>dicens:</strong></span> <span class='ocrx_word' id='word_1_87' title='bbox 2368 1606 2405 1631; x_wconf 77' lang='lat'><strong>‘⁴</strong></span> <span class='ocrx_word' id='word_1_88' title='bbox 2424 1603 2738 1659; x_wconf 85' lang='lat' dir='ltr'><strong>Neminem</strong></span> 
     </span>
     <span class='ocr_line' id='line_1_11' title="bbox 646 1686 2739 1753; baseline 0 -11"><span class='ocrx_word' id='word_1_89' title='bbox 646 1690 686 1714; x_wconf 80' lang='lat'><strong>‘⁸</strong></span> <span class='ocrx_word' id='word_1_90' title='bbox 726 1686 1119 1742; x_wconf 75' lang='lat' dir='ltr'><strong>scandalizare</strong></span> <span class='ocrx_word' id='word_1_91' title='bbox 1155 1687 1350 1752; x_wconf 72' lang='lat' dir='ltr'><strong>volui3</strong></span> <span class='ocrx_word' id='word_1_92' title='bbox 1391 1686 1495 1741; x_wconf 90' lang='lat' dir='ltr'><strong>sed</strong></span> <span class='ocrx_word' id='word_1_93' title='bbox 1531 1692 1608 1750; x_wconf 88' lang='lat' dir='ltr'><strong>et,</strong></span> <span class='ocrx_word' id='word_1_94' title='bbox 1657 1686 1710 1742; x_wconf 88' lang='lat' dir='ltr'><strong>si</strong></span> <span class='ocrx_word' id='word_1_95' title='bbox 1745 1687 2085 1742; x_wconf 87' lang='lat' dir='ltr'><strong>scandalum</strong></span> <span class='ocrx_word' id='word_1_96' title='bbox 2108 1689 2380 1753; x_wconf 83' lang='lat' dir='ltr'><strong>surrexit,</strong></span> <span class='ocrx_word' id='word_1_97' title='bbox 2422 1687 2623 1742; x_wconf 81' lang='lat' dir='ltr'><strong>sedavi</strong></span> <span class='ocrx_word' id='word_1_98' title='bbox 2671 1692 2739 1742; x_wconf 93' lang='lat' dir='ltr'><strong>ut</strong></span> 
     </span>
     <span class='ocr_line' id='line_1_12' title="bbox 646 1769 2737 1842; baseline 0 -17"><span class='ocrx_word' id='word_1_99' title='bbox 646 1772 686 1799; x_wconf 87' lang='lat'><strong>“</strong></span> <span class='ocrx_word' id='word_1_100' title='bbox 727 1770 910 1842; x_wconf 88' lang='lat' dir='ltr'><strong>potui.</strong></span> <span class='ocrx_word' id='word_1_101' title='bbox 948 1769 1148 1824; x_wconf 86' lang='lat' dir='ltr'><strong>Minus</strong></span> <span class='ocrx_word' id='word_1_102' title='bbox 1186 1770 1384 1825; x_wconf 90' lang='lat' dir='ltr'><strong>sensui</strong></span> <span class='ocrx_word' id='word_1_103' title='bbox 1409 1786 1541 1824; x_wconf 89' lang='lat' dir='ltr'><strong>meo</strong></span> <span class='ocrx_word' id='word_1_104' title='bbox 1566 1787 1743 1841; x_wconf 88' lang='lat' dir='ltr'><strong>quam</strong></span> <span class='ocrx_word' id='word_1_105' title='bbox 1768 1770 1959 1825; x_wconf 89' lang='lat' dir='ltr'><strong>alieno</strong></span> <span class='ocrx_word' id='word_1_106' title='bbox 1988 1770 2215 1841; x_wconf 82' lang='lat' dir='ltr'><strong>judicio</strong></span> <span class='ocrx_word' id='word_1_107' title='bbox 2251 1769 2494 1825; x_wconf 81' lang='lat' dir='ltr'><strong>credidi.</strong></span> <span class='ocrx_word' id='word_1_108' title='bbox 2534 1770 2737 1825; x_wconf 83' lang='lat' dir='ltr'><strong>Laesus</strong></span> 
     </span>
     <span class='ocr_line' id='line_1_13' title="bbox 645 1853 2739 1927; baseline 0 -18"><span class='ocrx_word' id='word_1_109' title='bbox 645 1857 686 1882; x_wconf 89' lang='lat'><strong>“</strong></span> <span class='ocrx_word' id='word_1_110' title='bbox 725 1854 800 1909; x_wconf 88' lang='lat' dir='ltr'><strong>de</strong></span> <span class='ocrx_word' id='word_1_111' title='bbox 848 1853 1098 1908; x_wconf 65' lang='lat' dir='ltr'><strong>laedente</strong></span> <span class='ocrx_word' id='word_1_112' title='bbox 1132 1853 1454 1910; x_wconf 80' lang='lat' dir='ltr'><strong>vindictam</strong></span> <span class='ocrx_word' id='word_1_113' title='bbox 1503 1871 1621 1908; x_wconf 92' lang='lat' dir='ltr'><strong>non</strong></span> <span class='ocrx_word' id='word_1_114' title='bbox 1672 1853 1947 1926; x_wconf 86' lang='lat' dir='ltr'><strong>repetii‚’&#39;</strong></span> <span class='ocrx_word' id='word_1_115' title='bbox 2024 1894 2038 1909; x_wconf 94' lang='lat'><strong>.</strong></span> <span class='ocrx_word' id='word_1_116' title='bbox 2118 1895 2131 1908; x_wconf 91' lang='lat'><strong>.</strong></span> <span class='ocrx_word' id='word_1_117' title='bbox 2212 1895 2225 1910; x_wconf 96' lang='lat'><strong>.</strong></span> <span class='ocrx_word' id='word_1_118' title='bbox 2306 1855 2445 1927; x_wconf 88' lang='lat' dir='ltr'><strong>Ipse</strong></span> <span class='ocrx_word' id='word_1_119' title='bbox 2498 1854 2739 1926; x_wconf 90' lang='lat' dir='ltr'><strong>quidem</strong></span> 
     </span>
     <span class='ocr_line' id='line_1_14' title="bbox 643 1938 2737 2010; baseline 0 -18"><span class='ocrx_word' id='word_1_120' title='bbox 643 1938 964 1993; x_wconf 86' lang='lat' dir='ltr'><strong>multorum</strong></span> <span class='ocrx_word' id='word_1_121' title='bbox 999 1943 1355 1993; x_wconf 78' lang='lat' dir='ltr'><strong>tractatuum</strong></span> <span class='ocrx_word' id='word_1_122' title='bbox 1394 1978 1408 1993; x_wconf 89' lang='lat'><strong>.</strong></span> <span class='ocrx_word' id='word_1_123' title='bbox 1452 1978 1465 1991; x_wconf 92' lang='lat'><strong>.</strong></span> <span class='ocrx_word' id='word_1_124' title='bbox 1511 1978 1524 1992; x_wconf 98' lang='lat'><strong>.</strong></span> <span class='ocrx_word' id='word_1_125' title='bbox 1565 1938 1846 2008; x_wconf 86' lang='lat' dir='ltr'><strong>egregius</strong></span> <span class='ocrx_word' id='word_1_126' title='bbox 1884 1939 2261 2010; x_wconf 73' lang='lat' dir='ltr'><strong>conscriptor,</strong></span> <span class='ocrx_word' id='word_1_127' title='bbox 2300 1939 2737 2009; x_wconf 89' lang='lat' dir='ltr'><strong>multorumque</strong></span> 
     </span>
     <span class='ocr_line' id='line_1_15' title="bbox 641 2021 2739 2092; baseline -0.001 -14"><span class='ocrx_word' id='word_1_128' title='bbox 641 2021 1061 2078; x_wconf 80' lang='lat' dir='ltr'><strong>miraculorum</strong></span> <span class='ocrx_word' id='word_1_129' title='bbox 1114 2027 1392 2092; x_wconf 88' lang='lat' dir='ltr'><strong>patrator,</strong></span> <span class='ocrx_word' id='word_1_130' title='bbox 1431 2021 1665 2092; x_wconf 86' lang='lat' dir='ltr'><strong>clx.que</strong></span> <span class='ocrx_word' id='word_1_131' title='bbox 1715 2022 2204 2076; x_wconf 74' lang='lat' dir='ltr'><strong>monasteriorum</strong></span> <span class='ocrx_word' id='word_1_132' title='bbox 2254 2027 2635 2087; x_wconf 86' lang='lat' dir='ltr'><strong>constructor,</strong></span> <span class='ocrx_word' id='word_1_133' title='bbox 2674 2023 2739 2076; x_wconf 90' lang='lat' dir='ltr'><strong>in</strong></span> 
     </span>
     <span class='ocr_line' id='line_1_16' title="bbox 643 2104 2737 2177; baseline -0 -15"><span class='ocrx_word' id='word_1_134' title='bbox 643 2124 752 2162; x_wconf 86' lang='lat' dir='ltr'><strong>suo</strong></span> <span class='ocrx_word' id='word_1_135' title='bbox 785 2106 1138 2162; x_wconf 88' lang='lat' dir='ltr'><strong>monasterio</strong></span> <span class='ocrx_word' id='word_1_136' title='bbox 1191 2107 1302 2160; x_wconf 85' lang='lat' dir='ltr'><strong>clx.</strong></span> <span class='ocrx_word' id='word_1_137' title='bbox 1359 2104 1670 2160; x_wconf 88' lang='lat' dir='ltr'><strong>monachos</strong></span> <span class='ocrx_word' id='word_1_138' title='bbox 1720 2105 2077 2177; x_wconf 84' lang='lat' dir='ltr'><strong>relinquens,</strong></span> <span class='ocrx_word' id='word_1_139' title='bbox 2136 2107 2197 2160; x_wconf 89' lang='lat' dir='ltr'><strong>in</strong></span> <span class='ocrx_word' id='word_1_140' title='bbox 2250 2106 2499 2161; x_wconf 90' lang='lat' dir='ltr'><strong>Domino</strong></span> <span class='ocrx_word' id='word_1_141' title='bbox 2534 2106 2737 2161; x_wconf 91' lang='lat' dir='ltr'><strong>obdor-</strong></span> 
     </span>
    </p>
   </div>
   <div class='ocr_carea' id='block_1_3' title="bbox 643 2188 2736 2380">
    <p class='ocr_par' dir='ltr' id='par_1_3' title="bbox 643 2188 2736 2380">
     <span class='ocr_line' id='line_1_17' title="bbox 643 2188 2736 2278; baseline 0.001 -25"><span class='ocrx_word' id='word_1_142' title='bbox 643 2199 833 2253; x_wconf 84' lang='lat' dir='ltr'><strong>mivit.</strong></span> <span class='ocrx_word' id='word_1_143' title='bbox 911 2189 1058 2269; x_wconf 82' lang='lat' dir='ltr'><strong>Quo</strong></span> <span class='ocrx_word' id='word_1_144' title='bbox 1105 2194 1414 2276; x_wconf 87' lang='lat' dir='ltr'><strong>tempore,</strong></span> <span class='ocrx_word' id='word_1_145' title='bbox 1461 2188 1845 2254; x_wconf 86' lang='lat' dir='ltr'><strong>Fredericus</strong></span> <span class='ocrx_word' id='word_1_146' title='bbox 1889 2189 2143 2276; x_wconf 87' lang='lat' dir='ltr'><strong>primus</strong></span> <span class='ocrx_word' id='word_1_147' title='bbox 2184 2189 2543 2276; x_wconf 86' lang='lat' dir='ltr'><strong>imperator</strong></span> <span class='ocrx_word' id='word_1_148' title='bbox 2584 2196 2736 2278; x_wconf 89' lang='lat' dir='ltr'><strong>post</strong></span> 
     </span>
     <span class='ocr_line' id='line_1_18' title="bbox 651 2290 2594 2380; baseline 0.002 -23"><span class='ocrx_word' id='word_1_149' title='bbox 651 2291 1026 2357; x_wconf 81' lang='lat' dir='ltr'><strong>conradum</strong></span> <span class='ocrx_word' id='word_1_150' title='bbox 1071 2291 1492 2358; x_wconf 81' lang='lat' dir='ltr'><strong>Theutonicis</strong></span> <span class='ocrx_word' id='word_1_151' title='bbox 1535 2296 1607 2356; x_wconf 89' lang='lat' dir='ltr'><strong>et</strong></span> <span class='ocrx_word' id='word_1_152' title='bbox 1653 2290 1971 2356; x_wconf 84' lang='lat' dir='ltr'><strong>Romanis</strong></span> <span class='ocrx_word' id='word_1_153' title='bbox 2013 2292 2211 2378; x_wconf 89' lang='lat' dir='ltr'><strong>coepit</strong></span> <span class='ocrx_word' id='word_1_154' title='bbox 2256 2292 2594 2380; x_wconf 85' lang='lat' dir='ltr'><strong>imperare.</strong></span> 
     </span>
    </p>
   </div>
   <div class='ocr_carea' id='block_1_4' title="bbox 649 2607 2737 2798">
    <p class='ocr_par' dir='ltr' id='par_1_4' title="bbox 649 2607 2737 2798">
     <span class='ocr_line' id='line_1_19' title="bbox 649 2607 2737 2696; baseline 0.001 -22"><span class='ocrx_word' id='word_1_155' title='bbox 649 2607 812 2675; x_wconf 80' lang='lat' dir='ltr'><strong>CAP.</strong></span> <span class='ocrx_word' id='word_1_156' title='bbox 861 2608 1130 2674; x_wconf 89' lang='lat' dir='ltr'><strong>XVIII.</strong></span> <span class='ocrx_word' id='word_1_157' title='bbox 1222 2609 1322 2674; x_wconf 81' lang='lat' dir='ltr'><strong>De</strong></span> <span class='ocrx_word' id='word_1_158' title='bbox 1381 2608 1801 2675; x_wconf 70' lang='lat' dir='ltr'><strong>Anastleczeio</strong></span> <span class='ocrx_word' id='word_1_159' title='bbox 1852 2631 2050 2696; x_wconf 76' lang='lat' dir='ltr'><strong>papa</strong></span> <span class='ocrx_word' id='word_1_160' title='bbox 2116 2613 2157 2674; x_wconf 84' lang='grc'><strong>4.·</strong></span> <span class='ocrx_word' id='word_1_161' title='bbox 2184 2634 2211 2687; x_wconf 86' lang='grc'><strong>,·</strong></span> <span class='ocrx_word' id='word_1_162' title='bbox 2282 2609 2363 2676; x_wconf 80' lang='lat' dir='ltr'><strong>de</strong></span> <span class='ocrx_word' id='word_1_163' title='bbox 2408 2609 2737 2676; x_wconf 70' lang='lat' dir='ltr'><strong>Adriano</strong></span> 
     </span>
     <span class='ocr_line' id='line_1_20' title="bbox 753 2709 2613 2798; baseline 0.002 -23"><span class='ocrx_word' id='word_1_164' title='bbox 753 2733 950 2798; x_wconf 76' lang='lat' dir='ltr'><strong>papa</strong></span> <span class='ocrx_word' id='word_1_165' title='bbox 983 2714 1025 2776; x_wconf 76' lang='lat'><em>4</em></span> <span class='ocrx_word' id='word_1_166' title='bbox 1051 2735 1079 2790; x_wconf 91' lang='lat'><strong>,·</strong></span> <span class='ocrx_word' id='word_1_167' title='bbox 1126 2709 1208 2776; x_wconf 80' lang='lat' dir='ltr'><strong>dc</strong></span> <span class='ocrx_word' id='word_1_168' title='bbox 1252 2711 1506 2777; x_wconf 65' lang='lat' dir='ltr'><strong>Edisse</strong></span> <span class='ocrx_word' id='word_1_169' title='bbox 1550 2710 1819 2778; x_wconf 72' lang='lat' dir='ltr'><strong>civitate</strong></span> <span class='ocrx_word' id='word_1_170' title='bbox 1840 2736 1867 2792; x_wconf 91' lang='lat'><strong>,·</strong></span> <span class='ocrx_word' id='word_1_171' title='bbox 1912 2720 1971 2778; x_wconf 80' lang='lat' dir='ltr'><strong>et</strong></span> <span class='ocrx_word' id='word_1_172' title='bbox 2016 2712 2096 2778; x_wconf 64' lang='lat' dir='ltr'><strong>de</strong></span> <span class='ocrx_word' id='word_1_173' title='bbox 2141 2711 2361 2777; x_wconf 63' lang='lat' dir='ltr'><strong>mbas</strong></span> <span class='ocrx_word' id='word_1_174' title='bbox 2405 2711 2613 2778; x_wconf 70' lang='lat' dir='ltr'><strong>lunia</strong></span> 
     </span>
    </p>
   </div>
   <div class='ocr_carea' id='block_1_5' title="bbox 741 2893 2919 2982">
    <p class='ocr_par' dir='ltr' id='par_1_5' title="bbox 741 2893 2919 2982">
     <span class='ocr_line' id='line_1_21' title="bbox 741 2893 2919 2982; baseline 0 -25"><span class='ocrx_word' id='word_1_175' title='bbox 741 2893 1041 2979; x_wconf 88' lang='lat' dir='ltr'><strong>Eugenio</strong></span> <span class='ocrx_word' id='word_1_176' title='bbox 1127 2916 1383 2980; x_wconf 90' lang='lat' dir='ltr'><strong>quoque</strong></span> <span class='ocrx_word' id='word_1_177' title='bbox 1467 2916 1656 2982; x_wconf 86' lang='lat' dir='ltr'><strong>papae</strong></span> <span class='ocrx_word' id='word_1_178' title='bbox 1735 2898 1794 2973; x_wconf 84' lang='lat'><strong>3,</strong></span> <span class='ocrx_word' id='word_1_179' title='bbox 1870 2895 2259 2959; x_wconf 81' lang='lat' dir='ltr'><strong>Anastasius</strong></span> <span class='ocrx_word' id='word_1_180' title='bbox 2336 2898 2395 2972; x_wconf 78' lang='lat'><strong>4,</strong></span> <span class='ocrx_word' id='word_1_181' title='bbox 2471 2896 2741 2962; x_wconf 88' lang='lat' dir='ltr'><strong>natione</strong></span> <span class='ocrx_word' id='word_1_182' title='bbox 2763 2907 2801 2957; x_wconf 81' lang='lat' dir='ltr'><strong>f.</strong></span> <span class='ocrx_word' id='word_1_183' title='bbox 2826 2910 2856 2956; x_wconf 79' lang='grc' dir='ltr'><strong><em>Β</em></strong></span> <span class='ocrx_word' id='word_1_184' title='bbox 2876 2906 2919 2958; x_wconf 82' lang='lat' dir='ltr'><strong>b.</strong></span> 
     </span>
    </p>
   </div>
   <div class='ocr_carea' id='block_1_6' title="bbox 525 2986 3061 3078">
    <p class='ocr_par' dir='ltr' id='par_1_6' title="bbox 525 2986 3061 3078">
     <span class='ocr_line' id='line_1_22' title="bbox 525 2986 3061 3078; baseline -0.001 -17"><span class='ocrx_word' id='word_1_185' title='bbox 525 2998 545 3023; x_wconf 82' lang='lat'>’</span> <span class='ocrx_word' id='word_1_186' title='bbox 652 2996 1006 3074; x_wconf 87' lang='lat' dir='ltr'><strong>Romanus,</strong></span> <span class='ocrx_word' id='word_1_187' title='bbox 1073 2995 1539 3061; x_wconf 84' lang='lat' dir='ltr'><strong>sedens&#39;anno</strong></span> <span class='ocrx_word' id='word_1_188' title='bbox 1589 3000 1646 3074; x_wconf 94' lang='lat'><strong>1,</strong></span> <span class='ocrx_word' id='word_1_189' title='bbox 1710 2997 2043 3061; x_wconf 87' lang='lat' dir='ltr'><strong>mensibus</strong></span> <span class='ocrx_word' id='word_1_190' title='bbox 2090 3000 2149 3073; x_wconf 88' lang='lat'><strong>3,</strong></span> <span class='ocrx_word' id='word_1_191' title='bbox 2212 3002 2282 3062; x_wconf 89' lang='lat' dir='ltr'><strong>et</strong></span> <span class='ocrx_word' id='word_1_192' title='bbox 2349 2997 2583 3063; x_wconf 85' lang='lat' dir='ltr'><strong>diebus</strong></span> <span class='ocrx_word' id='word_1_193' title='bbox 2637 3002 2739 3078; x_wconf 71' lang='lat'><strong>24,</strong></span> <span class='ocrx_word' id='word_1_194' title='bbox 2766 2986 2903 3036; x_wconf 83' lang='lat' dir='ltr'><strong>A.D.</strong></span> <span class='ocrx_word' id='word_1_195' title='bbox 2931 2992 3061 3037; x_wconf 76' lang='lat'>¹¹⁸⁴</span> 
     </span>
    </p>
   </div>
   <div class='ocr_carea' id='block_1_7' title="bbox 309 3317 626 3437">
    <p class='ocr_par' dir='ltr' id='par_1_7' title="bbox 309 3317 626 3437">
     <span class='ocr_line' id='line_1_23' title="bbox 311 3317 626 3383; baseline 0.003 -15"><span class='ocrx_word' id='word_1_196' title='bbox 311 3318 378 3368; x_wconf 80' lang='lat' dir='ltr'><strong>R.</strong></span> <span class='ocrx_word' id='word_1_197' title='bbox 402 3317 626 3383; x_wconf 83' lang='lat' dir='ltr'><strong>Higden‚</strong></span> 
     </span>
     <span class='ocr_line' id='line_1_24' title="bbox 309 3386 584 3437; baseline 0.007 -2"><span class='ocrx_word' id='word_1_198' title='bbox 309 3386 412 3436; x_wconf 79' lang='lat' dir='ltr'><strong>col.</strong></span> <span class='ocrx_word' id='word_1_199' title='bbox 437 3391 584 3437; x_wconf 82' lang='grc'><strong>2393.</strong></span> 
     </span>
    </p>
   </div>
   <div class='ocr_carea' id='block_1_8' title="bbox 648 3059 3078 3195">
    <p class='ocr_par' dir='ltr' id='par_1_8' title="bbox 648 3059 3078 3195">
     <span class='ocr_line' id='line_1_25' title="bbox 648 3059 3078 3195; baseline 0.004 -31"><span class='ocrx_word' id='word_1_200' title='bbox 648 3097 1050 3175; x_wconf 84' lang='lat' dir='ltr'><strong>succedebat,</strong></span> <span class='ocrx_word' id='word_1_201' title='bbox 1082 3103 1152 3163; x_wconf 88' lang='lat' dir='ltr'><strong>et</strong></span> <span class='ocrx_word' id='word_1_202' title='bbox 1179 3099 1254 3163; x_wconf 85' lang='lat' dir='ltr'><strong>in</strong></span> <span class='ocrx_word' id='word_1_203' title='bbox 1302 3098 1570 3165; x_wconf 88' lang='lat' dir='ltr'><strong>ecclesia</strong></span> <span class='ocrx_word' id='word_1_204' title='bbox 1617 3098 2063 3179; x_wconf 88' lang='lat' dir='ltr'><strong>Lateranensi,</strong></span> <span class='ocrx_word' id='word_1_205' title='bbox 2096 3098 2199 3163; x_wconf 90' lang='lat' dir='ltr'><strong>cui</strong></span> <span class='ocrx_word' id='word_1_206' title='bbox 2245 3098 2432 3164; x_wconf 88' lang='lat' dir='ltr'><strong>dedit</strong></span> <span class='ocrx_word' id='word_1_207' title='bbox 2476 3100 2741 3164; x_wconf 83' lang='lat' dir='ltr'><strong>calicem</strong></span> <span class='ocrx_word' id='word_1_208' title='bbox 2764 3059 3078 3195; x_wconf 49' lang='grc' dir='ltr'><strong>Ξζζῖθᾏῃ..</strong></span> 
     </span>
    </p>
   </div>
   <div class='ocr_carea' id='block_1_9' title="bbox 649 3199 3074 3288">
    <p class='ocr_par' dir='ltr' id='par_1_9' title="bbox 649 3199 3074 3288">
     <span class='ocr_line' id='line_1_26' title="bbox 649 3199 3074 3288; baseline -0.001 -22"><span class='ocrx_word' id='word_1_209' title='bbox 649 3199 907 3288; x_wconf 84' lang='lat' dir='ltr'><strong>pulchri</strong></span> <span class='ocrx_word' id='word_1_210' title='bbox 953 3201 1166 3286; x_wconf 86' lang='lat' dir='ltr'><strong>operis</strong></span> <span class='ocrx_word' id='word_1_211' title='bbox 1226 3207 1614 3286; x_wconf 84' lang='lat' dir='ltr'><strong>pensantem</strong></span> <span class='ocrx_word' id='word_1_212' title='bbox 1659 3200 1905 3287; x_wconf 86' lang='lat' dir='ltr'><strong>viginti</strong></span> <span class='ocrx_word' id='word_1_213' title='bbox 1950 3199 2245 3279; x_wconf 54' lang='lat' dir='ltr'><strong>marcas?</strong></span> <span class='ocrx_word' id='word_1_214' title='bbox 2289 3206 2392 3265; x_wconf 84' lang='lat' dir='ltr'><strong>est</strong></span> <span class='ocrx_word' id='word_1_215' title='bbox 2433 3200 2743 3287; x_wconf 86' lang='lat' dir='ltr'><strong>sepultus.</strong></span> <span class='ocrx_word' id='word_1_216' title='bbox 2767 3200 2947 3249; x_wconf 57' lang='lat' dir='ltr'><strong>“³⁸5⁰ss</strong></span> <span class='ocrx_word' id='word_1_217' title='bbox 2978 3200 3074 3249; x_wconf 77' lang='grc' dir='ltr'><strong>Ν·</strong></span> 
     </span>
    </p>
   </div>
   <div class='ocr_carea' id='block_1_10' title="bbox 649 3303 2906 3388">
    <p class='ocr_par' dir='ltr' id='par_1_10' title="bbox 649 3303 2906 3388">
     <span class='ocr_line' id='line_1_27' title="bbox 649 3303 2906 3388; baseline -0.002 -21"><span class='ocrx_word' id='word_1_218' title='bbox 649 3312 794 3367; x_wconf 86' lang='lat' dir='ltr'><strong>Post</strong></span> <span class='ocrx_word' id='word_1_219' title='bbox 835 3303 1052 3388; x_wconf 82' lang='lat' dir='ltr'><strong>ipsum</strong></span> <span class='ocrx_word' id='word_1_220' title='bbox 1088 3309 1507 3365; x_wconf 82' lang='lat' dir='ltr'><strong>Anasthasium</strong></span> <span class='ocrx_word' id='word_1_221' title='bbox 1553 3311 1608 3375; x_wconf 80' lang='lat'><strong>4,</strong></span> <span class='ocrx_word' id='word_1_222' title='bbox 1659 3309 1958 3365; x_wconf 84' lang='lat' dir='ltr'><strong>Adrianus</strong></span> <span class='ocrx_word' id='word_1_223' title='bbox 2007 3311 2043 3363; x_wconf 84' lang='lat'><em>4</em></span> <span class='ocrx_word' id='word_1_224' title='bbox 2078 3310 2232 3365; x_wconf 89' lang='lat' dir='ltr'><strong>sedit</strong></span> <span class='ocrx_word' id='word_1_225' title='bbox 2277 3328 2429 3383; x_wconf 88' lang='lat' dir='ltr'><strong>papa</strong></span> <span class='ocrx_word' id='word_1_226' title='bbox 2476 3312 2643 3367; x_wconf 88' lang='lat' dir='ltr'><strong>annis</strong></span> <span class='ocrx_word' id='word_1_227' title='bbox 2690 3312 2743 3367; x_wconf 82' lang='lat'><strong>4.</strong></span> <span class='ocrx_word' id='word_1_228' title='bbox 2768 3313 2906 3377; x_wconf 85' lang='lat' dir='ltr'><strong>Pope</strong></span> 
     </span>
    </p>
   </div>
   <div class='ocr_carea' id='block_1_11' title="bbox 649 3380 3081 3893">
    <p class='ocr_par' dir='ltr' id='par_1_11' title="bbox 649 3380 3081 3893">
     <span class='ocr_line' id='line_1_28' title="bbox 649 3380 3081 3473; baseline 0 -16"><span class='ocrx_word' id='word_1_229' title='bbox 649 3402 824 3459; x_wconf 83' lang='lat' dir='ltr'><strong>Hunc</strong></span> <span class='ocrx_word' id='word_1_230' title='bbox 860 3404 1045 3460; x_wconf 83' lang='lat' dir='ltr'><strong>tradit</strong></span> <span class='ocrx_word' id='word_1_231' title='bbox 1080 3404 1235 3459; x_wconf 85' lang='lat' dir='ltr'><strong>sama</strong></span> <span class='ocrx_word' id='word_1_232' title='bbox 1286 3402 1532 3473; x_wconf 81' lang='lat' dir='ltr'><strong>vulgata</strong></span> <span class='ocrx_word' id='word_1_233' title='bbox 1579 3402 1845 3457; x_wconf 82' lang='lat' dir='ltr'><strong>nativum</strong></span> <span class='ocrx_word' id='word_1_234' title='bbox 1898 3402 2081 3457; x_wconf 84' lang='lat' dir='ltr'><strong>fuisse</strong></span> <span class='ocrx_word' id='word_1_235' title='bbox 2130 3402 2355 3458; x_wconf 88' lang='lat' dir='ltr'><strong>abbatis</strong></span> <span class='ocrx_word' id='word_1_236' title='bbox 2409 3402 2609 3459; x_wconf 81' lang='lat' dir='ltr'><strong>Sancti</strong></span> <span class='ocrx_word' id='word_1_237' title='bbox 2643 3404 2747 3458; x_wconf 90' lang='lat' dir='ltr'><strong>Al·</strong></span> <span class='ocrx_word' id='word_1_238' title='bbox 2770 3380 2963 3431; x_wconf 61' lang='lat' dir='ltr'><strong>Adrian</strong></span> <span class='ocrx_word' id='word_1_239' title='bbox 2982 3382 3081 3431; x_wconf 68' lang='lat' dir='ltr'><strong>IV·</strong></span> 
     </span>
     <span class='ocr_line' id='line_1_29' title="bbox 649 3484 2745 3559; baseline 0 -18"><span class='ocrx_word' id='word_1_240' title='bbox 649 3487 784 3541; x_wconf 86' lang='lat' dir='ltr'><strong>bani</strong></span> <span class='ocrx_word' id='word_1_241' title='bbox 807 3487 870 3542; x_wconf 90' lang='lat' dir='ltr'><strong>in</strong></span> <span class='ocrx_word' id='word_1_242' title='bbox 893 3488 1131 3559; x_wconf 87' lang='lat' dir='ltr'><strong>Anglia,</strong></span> <span class='ocrx_word' id='word_1_243' title='bbox 1169 3494 1230 3542; x_wconf 89' lang='lat' dir='ltr'><strong>et</strong></span> <span class='ocrx_word' id='word_1_244' title='bbox 1254 3486 1398 3542; x_wconf 90' lang='lat' dir='ltr'><strong>dum</strong></span> <span class='ocrx_word' id='word_1_245' title='bbox 1419 3484 1831 3541; x_wconf 78' lang='lat' dir='ltr'><strong>monachatum</strong></span> <span class='ocrx_word' id='word_1_246' title='bbox 1865 3485 2086 3540; x_wconf 88' lang='lat' dir='ltr'><strong>ibidem</strong></span> <span class='ocrx_word' id='word_1_247' title='bbox 2122 3488 2517 3558; x_wconf 80' lang='lat' dir='ltr'><strong>expostularet</strong></span> <span class='ocrx_word' id='word_1_248' title='bbox 2552 3488 2745 3559; x_wconf 91' lang='lat' dir='ltr'><strong>repul-</strong></span> 
     </span>
     <span class='ocr_line' id='line_1_30' title="bbox 651 3569 2748 3639; baseline 0 -13"><span class='ocrx_word' id='word_1_249' title='bbox 651 3588 782 3626; x_wconf 89' lang='lat' dir='ltr'><strong>sum</strong></span> <span class='ocrx_word' id='word_1_250' title='bbox 818 3572 1020 3627; x_wconf 85' lang='lat' dir='ltr'><strong>fuisse.</strong></span> <span class='ocrx_word' id='word_1_251' title='bbox 1097 3570 1211 3639; x_wconf 82' lang='lat' dir='ltr'><strong>Qui</strong></span> <span class='ocrx_word' id='word_1_252' title='bbox 1260 3570 1516 3635; x_wconf 88' lang='lat' dir='ltr'><strong>tandem,</strong></span> <span class='ocrx_word' id='word_1_253' title='bbox 1556 3569 1775 3625; x_wconf 88' lang='lat' dir='ltr'><strong>litteris</strong></span> <span class='ocrx_word' id='word_1_254' title='bbox 1827 3579 1886 3625; x_wconf 93' lang='lat' dir='ltr'><strong>et</strong></span> <span class='ocrx_word' id='word_1_255' title='bbox 1920 3570 2181 3625; x_wconf 87' lang='lat' dir='ltr'><strong>moribus</strong></span> <span class='ocrx_word' id='word_1_256' title='bbox 2234 3570 2530 3635; x_wconf 87' lang='lat' dir='ltr'><strong>insistens,</strong></span> <span class='ocrx_word' id='word_1_257' title='bbox 2571 3572 2748 3627; x_wconf 89' lang='lat' dir='ltr'><strong>Alba-</strong></span> 
     </span>
     <span class='ocr_line' id='line_1_31' title="bbox 650 3650 2747 3726; baseline 0 -17"><span class='ocrx_word' id='word_1_258' title='bbox 650 3654 848 3709; x_wconf 88' lang='lat' dir='ltr'><strong>nensis</strong></span> <span class='ocrx_word' id='word_1_259' title='bbox 875 3655 1182 3726; x_wconf 87' lang='lat' dir='ltr'><strong>episcopus</strong></span> <span class='ocrx_word' id='word_1_260' title='bbox 1207 3661 1342 3725; x_wconf 90' lang='lat' dir='ltr'><strong>post</strong></span> <span class='ocrx_word' id='word_1_261' title='bbox 1358 3652 1380 3685; x_wconf 82' lang='lat'><strong>³</strong></span> <span class='ocrx_word' id='word_1_262' title='bbox 1408 3654 1648 3709; x_wconf 84' lang='lat' dir='ltr'><strong>effectus</strong></span> <span class='ocrx_word' id='word_1_263' title='bbox 1674 3659 1782 3709; x_wconf 86' lang='lat' dir='ltr'><strong>est.</strong></span> <span class='ocrx_word' id='word_1_264' title='bbox 1838 3652 2063 3708; x_wconf 89' lang='lat' dir='ltr'><strong>Deinde</strong></span> <span class='ocrx_word' id='word_1_265' title='bbox 2092 3650 2297 3724; x_wconf 87' lang='lat' dir='ltr'><strong>[apud]</strong></span> <span class='ocrx_word' id='word_1_266' title='bbox 2314 3654 2335 3685; x_wconf 87' lang='lat'><strong>⁴</strong></span> <span class='ocrx_word' id='word_1_267' title='bbox 2358 3654 2747 3709; x_wconf 87' lang='lat' dir='ltr'><strong>Worma-ciam</strong></span> 
     </span>
     <span class='ocr_line' id='line_1_32' title="bbox 651 3737 2749 3810; baseline 0.001 -19"><span class='ocrx_word' id='word_1_268' title='bbox 651 3737 942 3810; x_wconf 79' lang='lat' dir='ltr'><strong>legatione</strong></span> <span class='ocrx_word' id='word_1_269' title='bbox 995 3738 1246 3808; x_wconf 87' lang='lat' dir='ltr'><strong>fungens</strong></span> <span class='ocrx_word' id='word_1_270' title='bbox 1299 3738 1689 3808; x_wconf 82' lang='lat' dir='ltr'><strong>provinciam·</strong></span> <span class='ocrx_word' id='word_1_271' title='bbox 1716 3738 1882 3792; x_wconf 86' lang='lat' dir='ltr'><strong>illam</strong></span> <span class='ocrx_word' id='word_1_272' title='bbox 1936 3737 2222 3793; x_wconf 82' lang='lat' dir='ltr'><strong>convertit</strong></span> <span class='ocrx_word' id='word_1_273' title='bbox 2256 3737 2332 3792; x_wconf 84' lang='lat' dir='ltr'><strong>ad</strong></span> <span class='ocrx_word' id='word_1_274' title='bbox 2366 3738 2558 3794; x_wconf 89' lang='lat' dir='ltr'><strong>fidem.</strong></span> <span class='ocrx_word' id='word_1_275' title='bbox 2634 3740 2749 3795; x_wconf 91' lang='lat' dir='ltr'><strong>De-</strong></span> 
     </span>
     <span class='ocr_line' id='line_1_33' title="bbox 651 3821 2748 3893; baseline 0.002 -18"><span class='ocrx_word' id='word_1_276' title='bbox 651 3839 817 3875; x_wconf 89' lang='lat' dir='ltr'><strong>mum</strong></span> <span class='ocrx_word' id='word_1_277' title='bbox 863 3839 1017 3893; x_wconf 88' lang='lat' dir='ltr'><strong>papa</strong></span> <span class='ocrx_word' id='word_1_278' title='bbox 1065 3821 1305 3876; x_wconf 86' lang='lat' dir='ltr'><strong>effectus</strong></span> <span class='ocrx_word' id='word_1_279' title='bbox 1354 3828 1594 3893; x_wconf 90' lang='lat' dir='ltr'><strong>propter</strong></span> <span class='ocrx_word' id='word_1_280' title='bbox 1627 3822 2091 3877; x_wconf 80' lang='lat' dir='ltr'><strong>vulnerationem</strong></span> <span class='ocrx_word' id='word_1_281' title='bbox 2141 3822 2314 3877; x_wconf 82' lang='lat' dir='ltr'><strong>unius</strong></span> <span class='ocrx_word' id='word_1_282' title='bbox 2366 3823 2748 3879; x_wconf 86' lang='lat' dir='ltr'><strong>cardinalium</strong></span> 
     </span>
    </p>
   </div>
   <div class='ocr_carea' id='block_1_12' title="bbox 535 3904 2747 3985">
    <p class='ocr_par' dir='ltr' id='par_1_12' title="bbox 535 3904 2747 3985">
     <span class='ocr_line' id='line_1_34' title="bbox 535 3904 2747 3985; baseline 0.001 -16"><span class='ocrx_word' id='word_1_283' title='bbox 535 3974 544 3985; x_wconf 60' lang='grc'><strong>,</strong></span> <span class='ocrx_word' id='word_1_284' title='bbox 649 3919 834 3969; x_wconf 89' lang='lat' dir='ltr'><strong>totam</strong></span> <span class='ocrx_word' id='word_1_285' title='bbox 868 3913 1076 3968; x_wconf 89' lang='lat' dir='ltr'><strong>urbem</strong></span> <span class='ocrx_word' id='word_1_286' title='bbox 1101 3913 1425 3967; x_wconf 85' lang='lat' dir='ltr'><strong>Romanam</strong></span> <span class='ocrx_word' id='word_1_287' title='bbox 1450 3914 1758 3985; x_wconf 88' lang='lat' dir='ltr'><strong>supposuit</strong></span> <span class='ocrx_word' id='word_1_288' title='bbox 1782 3913 2108 3968; x_wconf 62' lang='lat' dir='ltr'><strong>interdicta</strong></span> <span class='ocrx_word' id='word_1_289' title='bbox 2171 3904 2301 3970; x_wconf 80' lang='lat' dir='ltr'><strong>Hie</strong></span> <span class='ocrx_word' id='word_1_290' title='bbox 2357 3915 2747 3971; x_wconf 85' lang='lat' dir='ltr'><strong>Willielmum</strong></span> 
     </span>
    </p>
   </div>
   <div class='ocr_carea' id='block_1_13' title="bbox 317 4218 527 4338">
    <p class='ocr_par' dir='ltr' id='par_1_13' title="bbox 317 4218 527 4338">
     <span class='ocr_line' id='line_1_35' title="bbox 317 4218 527 4270; baseline 0 0"><span class='ocrx_word' id='word_1_291' title='bbox 317 4218 527 4270; x_wconf 74' lang='lat' dir='ltr'><strong>Martia.</strong></span> 
     </span>
     <span class='ocr_line' id='line_1_36' title="bbox 320 4286 496 4338; baseline 0 -1"><span class='ocrx_word' id='word_1_292' title='bbox 320 4286 496 4338; x_wconf 82' lang='lat' dir='ltr'><strong>Polou.</strong></span> 
     </span>
    </p>
   </div>
   <div class='ocr_carea' id='block_1_14' title="bbox 650 4006 2746 4394">
    <p class='ocr_par' dir='ltr' id='par_1_14' title="bbox 650 4006 2746 4394">
     <span class='ocr_line' id='line_1_37' title="bbox 650 4006 2743 4097; baseline 0.002 -28"><span class='ocrx_word' id='word_1_293' title='bbox 650 4032 856 4087; x_wconf 84' lang='lat' dir='ltr'><strong>regem</strong></span> <span class='ocrx_word' id='word_1_294' title='bbox 893 4014 1120 4097; x_wconf 84' lang='lat' dir='ltr'><strong>Ciciliae</strong></span> <span class='ocrx_word' id='word_1_295' title='bbox 1159 4013 1274 4069; x_wconf 89' lang='lat' dir='ltr'><strong>sibi</strong></span> <span class='ocrx_word' id='word_1_296' title='bbox 1308 4014 1590 4069; x_wconf 88' lang='lat' dir='ltr'><strong>rebellem</strong></span> <span class='ocrx_word' id='word_1_297' title='bbox 1628 4015 2169 4070; x_wconf 84' lang='lat' dir='ltr'><strong>excommunicavit.</strong></span> <span class='ocrx_word' id='word_1_298' title='bbox 2247 4006 2377 4087; x_wconf 83' lang='lat' dir='ltr'><strong>Qui</strong></span> <span class='ocrx_word' id='word_1_299' title='bbox 2437 4013 2585 4094; x_wconf 77' lang='lat' dir='ltr'><strong>post</strong></span> <span class='ocrx_word' id='word_1_300' title='bbox 2628 4008 2743 4073; x_wconf 84' lang='lat' dir='ltr'><strong>ab-</strong></span> 
     </span>
     <span class='ocr_line' id='line_1_38' title="bbox 653 4106 2743 4193; baseline 0.002 -22"><span class='ocrx_word' id='word_1_301' title='bbox 653 4107 919 4187; x_wconf 73' lang='lat' dir='ltr'><strong>solutuS,</strong></span> <span class='ocrx_word' id='word_1_302' title='bbox 985 4106 1364 4192; x_wconf 82' lang='lat' dir='ltr'><strong>homagium</strong></span> <span class='ocrx_word' id='word_1_303' title='bbox 1431 4107 1558 4192; x_wconf 88' lang='lat' dir='ltr'><strong>ipsi</strong></span> <span class='ocrx_word' id='word_1_304' title='bbox 1626 4107 1893 4171; x_wconf 88' lang='lat' dir='ltr'><strong>domino</strong></span> <span class='ocrx_word' id='word_1_305' title='bbox 1954 4129 2142 4193; x_wconf 87' lang='lat' dir='ltr'><strong>papae</strong></span> <span class='ocrx_word' id='word_1_306' title='bbox 2193 4108 2453 4191; x_wconf 63' lang='lat' dir='ltr'><strong>facienti,</strong></span> <span class='ocrx_word' id='word_1_307' title='bbox 2499 4117 2743 4176; x_wconf 87' lang='lat' dir='ltr'><strong>terram</strong></span> 
     </span>
     <span class='ocr_line' id='line_1_39' title="bbox 653 4207 2746 4300; baseline 0.003 -28"><span class='ocrx_word' id='word_1_308' title='bbox 653 4208 739 4272; x_wconf 88' lang='lat' dir='ltr'><strong>ab</strong></span> <span class='ocrx_word' id='word_1_309' title='bbox 781 4209 924 4296; x_wconf 89' lang='lat' dir='ltr'><strong>ipso</strong></span> <span class='ocrx_word' id='word_1_310' title='bbox 971 4208 1270 4295; x_wconf 85' lang='lat' dir='ltr'><strong>suscepit.</strong></span> <span class='ocrx_word' id='word_1_311' title='bbox 1387 4208 1520 4273; x_wconf 91' lang='lat' dir='ltr'><strong>Hic</strong></span> <span class='ocrx_word' id='word_1_312' title='bbox 1561 4207 1816 4295; x_wconf 85' lang='lat' dir='ltr'><strong>primus</strong></span> <span class='ocrx_word' id='word_1_313' title='bbox 1876 4210 2123 4275; x_wconf 89' lang='lat' dir='ltr'><strong>dicitur</strong></span> <span class='ocrx_word' id='word_1_314' title='bbox 2171 4210 2371 4276; x_wconf 78' lang='lat' dir='ltr'><strong>fuisse</strong></span> <span class='ocrx_word' id='word_1_315' title='bbox 2416 4235 2587 4300; x_wconf 85' lang='lat' dir='ltr'><strong>papa</strong></span> <span class='ocrx_word' id='word_1_316' title='bbox 2630 4214 2746 4300; x_wconf 86' lang='lat' dir='ltr'><strong>qui</strong></span> 
     </span>
     <span class='ocr_line' id='line_1_40' title="bbox 653 4309 2746 4394; baseline 0.003 -19"><span class='ocrx_word' id='word_1_317' title='bbox 653 4310 728 4375; x_wconf 90' lang='lat' dir='ltr'><strong>in</strong></span> <span class='ocrx_word' id='word_1_318' title='bbox 773 4309 959 4376; x_wconf 87' lang='lat' dir='ltr'><strong>Urbe</strong></span> <span class='ocrx_word' id='word_1_319' title='bbox 1003 4310 1234 4375; x_wconf 87' lang='lat' dir='ltr'><strong>Veteri</strong></span> <span class='ocrx_word' id='word_1_320' title='bbox 1294 4332 1442 4375; x_wconf 90' lang='lat' dir='ltr'><strong>cum</strong></span> <span class='ocrx_word' id='word_1_321' title='bbox 1503 4310 1686 4375; x_wconf 85' lang='lat' dir='ltr'><strong>curia</strong></span> <span class='ocrx_word' id='word_1_322' title='bbox 1747 4332 1999 4376; x_wconf 86' lang='lat' dir='ltr'><strong>moram</strong></span> <span class='ocrx_word' id='word_1_323' title='bbox 2060 4314 2319 4394; x_wconf 80' lang='lat' dir='ltr'><strong>traxit,·</strong></span> <span class='ocrx_word' id='word_1_324' title='bbox 2351 4319 2421 4379; x_wconf 89' lang='lat' dir='ltr'><strong>et</strong></span> <span class='ocrx_word' id='word_1_325' title='bbox 2476 4317 2746 4382; x_wconf 85' lang='lat' dir='ltr'><strong>tandem</strong></span> 
     </span>
    </p>
   </div>
   <div class='ocr_carea' id='block_1_15' title="bbox 720 4580 2494 4729">
    <p class='ocr_par' dir='ltr' id='par_1_15' title="bbox 720 4580 2494 4729">
     <span class='ocr_line' id='line_1_41' title="bbox 721 4580 2393 4649; baseline 0.001 -16"><span class='ocrx_word' id='word_1_326' title='bbox 721 4583 738 4613; x_wconf 84' lang='lat'>¹</span> <span class='ocrx_word' id='word_1_327' title='bbox 773 4581 1010 4648; x_wconf 71' lang='lat' dir='ltr'><strong>asseruit]</strong></span> <span class='ocrx_word' id='word_1_328' title='bbox 1049 4582 1282 4641; x_wconf 74' lang='lat' dir='ltr'><strong>assuevit,</strong></span> <span class='ocrx_word' id='word_1_329' title='bbox 1304 4580 1368 4633; x_wconf 80' lang='lat' dir='ltr'><strong>R.</strong></span> <span class='ocrx_word' id='word_1_330' title='bbox 1391 4581 1460 4633; x_wconf 89' lang='lat' dir='ltr'><strong>H.</strong></span> <span class='ocrx_word' id='word_1_331' title='bbox 1817 4583 1837 4613; x_wconf 84' lang='lat'>⁸</span> <span class='ocrx_word' id='word_1_332' title='bbox 1862 4582 2004 4649; x_wconf 74' lang='lat' dir='ltr'><strong>poet]</strong></span> <span class='ocrx_word' id='word_1_333' title='bbox 2043 4583 2219 4648; x_wconf 84' lang='lat' dir='ltr'><strong>primo,</strong></span> <span class='ocrx_word' id='word_1_334' title='bbox 2240 4584 2303 4637; x_wconf 82' lang='lat' dir='ltr'><strong>R.</strong></span> <span class='ocrx_word' id='word_1_335' title='bbox 2326 4585 2393 4635; x_wconf 79' lang='lat' dir='ltr'><strong>H.</strong></span> 
     </span>
     <span class='ocr_line' id='line_1_42' title="bbox 720 4659 2494 4729; baseline 0.005 -20"><span class='ocrx_word' id='word_1_336' title='bbox 720 4662 741 4691; x_wconf 79' lang='lat'>⁸</span> <span class='ocrx_word' id='word_1_337' title='bbox 775 4659 996 4725; x_wconf 72' lang='lat' dir='ltr'><strong>mareas]</strong></span> <span class='ocrx_word' id='word_1_338' title='bbox 1033 4660 1265 4711; x_wconf 81' lang='lat' dir='ltr'><strong>marchas</strong></span> <span class='ocrx_word' id='word_1_339' title='bbox 1285 4660 1341 4709; x_wconf 88' lang='lat' dir='ltr'><strong>in</strong></span> <span class='ocrx_word' id='word_1_340' title='bbox 1363 4659 1475 4711; x_wconf 88' lang='lat' dir='ltr'><strong>MS.</strong></span> <span class='ocrx_word' id='word_1_341' title='bbox 1817 4663 1836 4692; x_wconf 88' lang='lat'><strong>⁴</strong></span> <span class='ocrx_word' id='word_1_342' title='bbox 1867 4662 2027 4728; x_wconf 84' lang='lat' dir='ltr'><strong>apud]</strong></span> <span class='ocrx_word' id='word_1_343' title='bbox 2054 4663 2281 4729; x_wconf 73' lang='lat' dir='ltr'><strong>wanting</strong></span> <span class='ocrx_word' id='word_1_344' title='bbox 2301 4664 2356 4714; x_wconf 87' lang='lat' dir='ltr'><strong>in</strong></span> <span class='ocrx_word' id='word_1_345' title='bbox 2379 4664 2494 4718; x_wconf 82' lang='lat' dir='ltr'><strong>MS.</strong></span> 
     </span>
    </p>
   </div>
   <div class='ocr_carea' id='block_1_16' title="bbox 2428 4762 2483 4812">
    <p class='ocr_par' dir='ltr' id='par_1_16' title="bbox 2428 4762 2483 4812">
     <span class='ocr_line' id='line_1_43' title="bbox 2428 4762 2483 4812; baseline 0 -2"><span class='ocrx_word' id='word_1_346' title='bbox 2428 4762 2483 4812; x_wconf 83' lang='grc' dir='ltr'><strong>Η</strong></span> 
     </span>
    </p>
   </div>
  </div>
 </body>
</html>
